{
  "populated_at": "2026-02-04T23:15:26.658587",
  "total_trades": 633,
  "trades": [
    {
      "timestamp": 1770269731,
      "tx_hash": "0x88633711c41e7dcdfbd2c9e7f6431b221e5ce1a78b4baf81dbc0bf3caf06015e",
      "market": "Ethereum Up or Down - February 5, 12:30AM-12:45AM ET",
      "condition_id": "0xd28aeaee70496e6de44b141c744c51b1ea41ebb880dcf9a8a0ba94b5def9e492",
      "side": "BUY",
      "outcome": "Down",
      "price": 0.46,
      "size": 9,
      "usdc": 4.14,
      "asset": "Ethereum"
    },
    {
      "timestamp": 1770269593,
      "tx_hash": "0xbc9b6fd79f5ed4282cc1b85af0b146258e5a9a746734e8413d88b965b8f9530c",
      "market": "Solana Up or Down - February 5, 12:30AM-12:45AM ET",
      "condition_id": "0xefe74b0cf0768dee0c73a3c8af07d30f476c277b20d317f83ccfed3ff7c518ac",
      "side": "BUY",
      "outcome": "Down",
      "price": 0.48,
      "size": 12,
      "usdc": 5.76,
      "asset": "Solana"
    },
    {
      "timestamp": 1770269589,
      "tx_hash": "0x05d478db62952090da1fab7b0fde62f0bbf63ae49e2abdc06d72257104e82ec6",
      "market": "Bitcoin Up or Down - February 5, 12:30AM-12:45AM ET",
      "condition_id": "0xa0d48be50540c2b59cbe9237f210d30cdf92ffe714b830eca420afbdd6dff0a9",
      "side": "BUY",
      "outcome": "Down",
      "price": 0.44,
      "size": 6,
      "usdc": 2.64,
      "asset": "Bitcoin"
    },
    {
      "timestamp": 1770268663,
      "tx_hash": "0xa898ed4d1094be49be686ff45d8c4091ba5af5edc70b42bedd71d9ad5ce2edd7",
      "market": "Ethereum Up or Down - February 5, 12:00AM-12:15AM ET",
      "condition_id": "0xc790b02d7bfe5810a127d213219ac05570fd443e04d2ca9ba0cf9b91041b61f0",
      "side": "",
      "outcome": "",
      "price": 0,
      "size": 0,
      "usdc": 0,
      "asset": "Ethereum"
    },
    {
      "timestamp": 1770268653,
      "tx_hash": "0x7469342f4d44090b6956712d80228a334682dabec0222d63785da3ec8519cb55",
      "market": "Bitcoin Up or Down - February 5, 12:00AM-12:15AM ET",
      "condition_id": "0x86063f2e89569b4a4f5766da1df20f42932ca411e10304ab572daa0e45c65372",
      "side": "",
      "outcome": "",
      "price": 0,
      "size": 22,
      "usdc": 22,
      "asset": "Bitcoin"
    },
    {
      "timestamp": 1770268273,
      "tx_hash": "0x773dab0091e462c354c4ef601017c38e715d4e55f1aa32663b62ade4ad73bf5c",
      "market": "Bitcoin Up or Down - February 5, 12:00AM-12:15AM ET",
      "condition_id": "0x86063f2e89569b4a4f5766da1df20f42932ca411e10304ab572daa0e45c65372",
      "side": "BUY",
      "outcome": "Down",
      "price": 0.46,
      "size": 7,
      "usdc": 3.22,
      "asset": "Bitcoin"
    },
    {
      "timestamp": 1770267891,
      "tx_hash": "0xdf2a0d7d603fbd504aba39fa5aaf383f8cab1536a7837a23d779f22533920688",
      "market": "Bitcoin Up or Down - February 5, 12:00AM-12:15AM ET",
      "condition_id": "0x86063f2e89569b4a4f5766da1df20f42932ca411e10304ab572daa0e45c65372",
      "side": "BUY",
      "outcome": "Down",
      "price": 0.46,
      "size": 8,
      "usdc": 3.68,
      "asset": "Bitcoin"
    },
    {
      "timestamp": 1770267839,
      "tx_hash": "0x8dfaa7c431fa5caf94c12e42f2fcb41246ad8bb0a8120c195f0185c42b39c336",
      "market": "Bitcoin Up or Down - February 5, 12:00AM-12:15AM ET",
      "condition_id": "0x86063f2e89569b4a4f5766da1df20f42932ca411e10304ab572daa0e45c65372",
      "side": "BUY",
      "outcome": "Down",
      "price": 0.46,
      "size": 1.38,
      "usdc": 0.6348,
      "asset": "Bitcoin"
    },
    {
      "timestamp": 1770267839,
      "tx_hash": "0x79c23aa261008c9e0564401a37858cc960e4a0d4e39c94e30b6c2483a3924076",
      "market": "Bitcoin Up or Down - February 5, 12:00AM-12:15AM ET",
      "condition_id": "0x86063f2e89569b4a4f5766da1df20f42932ca411e10304ab572daa0e45c65372",
      "side": "BUY",
      "outcome": "Down",
      "price": 0.46,
      "size": 5.62,
      "usdc": 2.5852,
      "asset": "Bitcoin"
    },
    {
      "timestamp": 1770267719,
      "tx_hash": "0x10e688de3a17f175008b79ab85b0b811a88e9b28db6a5868984a08d6c632279b",
      "market": "Ethereum Up or Down - February 5, 12:00AM-12:15AM ET",
      "condition_id": "0xc790b02d7bfe5810a127d213219ac05570fd443e04d2ca9ba0cf9b91041b61f0",
      "side": "BUY",
      "outcome": "Down",
      "price": 0.43,
      "size": 7.8799,
      "usdc": 3.44,
      "asset": "Ethereum"
    },
    {
      "timestamp": 1770267697,
      "tx_hash": "0x342805426459060b33dbae33e09a167951d2de4a513b14d003657bb51efbc874",
      "market": "Solana Up or Down - February 5, 12:00AM-12:15AM ET",
      "condition_id": "0x116fb71823c7a87e5d429295afd11e1fce22181356a20b577bae097cf1bc87a3",
      "side": "BUY",
      "outcome": "Down",
      "price": 0.4,
      "size": 3.9424,
      "usdc": 1.6,
      "asset": "Solana"
    },
    {
      "timestamp": 1770267695,
      "tx_hash": "0xc077c5aaf6b6e89237c63e14dd7410a59e631da7deb9a49d414debfca31f74db",
      "market": "Ethereum Up or Down - February 5, 12:00AM-12:15AM ET",
      "condition_id": "0xc790b02d7bfe5810a127d213219ac05570fd443e04d2ca9ba0cf9b91041b61f0",
      "side": "BUY",
      "outcome": "Down",
      "price": 0.4,
      "size": 2.9568,
      "usdc": 1.2,
      "asset": "Ethereum"
    },
    {
      "timestamp": 1770267145,
      "tx_hash": "0xca8e7303759e2f5371b1f41f36a51b57a0ee6bab8f0197bb743908a7d7990a3d",
      "market": "Bitcoin Up or Down - February 4, 11:45PM-12:00AM ET",
      "condition_id": "0x06dd2d715105c0d730e2efe1d7d3b31e441a2d9dbf40d5d9e0209999ca8470e5",
      "side": "BUY",
      "outcome": "Up",
      "price": 0.34,
      "size": 6.9119,
      "usdc": 2.38,
      "asset": "Bitcoin"
    },
    {
      "timestamp": 1770266161,
      "tx_hash": "0xd5ab89d34acfe8e1c64d3c5013db20cf18c15d5066f24fb86479558f01a306df",
      "market": "Ethereum Up or Down - February 4, 11:30PM-11:45PM ET",
      "condition_id": "0x95f1dfd164d494164f9d3745c9a8041f2c9ccb28b239b309d21c52abdb2184e2",
      "side": "BUY",
      "outcome": "Down",
      "price": 0.44,
      "size": 3.9393,
      "usdc": 1.76,
      "asset": "Ethereum"
    },
    {
      "timestamp": 1770265111,
      "tx_hash": "0x96734cc56862928ba8bf3a532370e17b36010122814e9bfcd46e98d9b92aa3ba",
      "market": "Bitcoin Up or Down - February 4, 11:15PM-11:30PM ET",
      "condition_id": "0x397de013dc6b01d0d1f35699a7f53801f4001b98a0be6928bfdb6410e986170d",
      "side": "BUY",
      "outcome": "Down",
      "price": 0.43,
      "size": 5.9099,
      "usdc": 2.58,
      "asset": "Bitcoin"
    },
    {
      "timestamp": 1770265013,
      "tx_hash": "0x42545a12a81deb7e581620c78c3ebdf6dcf597d40a84dbd631f8d7ea2ee1df64",
      "market": "Solana Up or Down - February 4, 11:15PM-11:30PM ET",
      "condition_id": "0x467144d085de636f0282fe333a5f53fc9edd567d08c859a24e38bd5b032ed1de",
      "side": "BUY",
      "outcome": "Down",
      "price": 0.41,
      "size": 3.9415,
      "usdc": 1.64,
      "asset": "Solana"
    },
    {
      "timestamp": 1770264971,
      "tx_hash": "0xc1262477f3c4a4558b48049cfa177b8dbffb85d5c4cffa0f6702c9af672a764b",
      "market": "Ethereum Up or Down - February 4, 11:15PM-11:30PM ET",
      "condition_id": "0x12e72d810ee164acd15f08a087b06b91fb96687d347fa8b00222106695b97334",
      "side": "BUY",
      "outcome": "Down",
      "price": 0.37,
      "size": 5.9185,
      "usdc": 2.22,
      "asset": "Ethereum"
    },
    {
      "timestamp": 1770264879,
      "tx_hash": "0xb08c37d5f5f002c3634d9a23219965f927efbdf04735f1265eb5f7c8e859f237",
      "market": "Ethereum Up or Down - February 4, 9:00PM-9:15PM ET",
      "condition_id": "0x5ea5999d1e85c92df3bd8ef3b73df23d403a892bfcf2d75ca845546720966917",
      "side": "",
      "outcome": "",
      "price": 0,
      "size": 0,
      "usdc": 0,
      "asset": "Ethereum"
    },
    {
      "timestamp": 1770264879,
      "tx_hash": "0xb08c37d5f5f002c3634d9a23219965f927efbdf04735f1265eb5f7c8e859f237",
      "market": "Solana Up or Down - February 4, 9:00PM-9:15PM ET",
      "condition_id": "0x82d9c6ffbc5a434f1a98d5316f8ba447c9ec84466acdf56e2934a367fb8dec6f",
      "side": "",
      "outcome": "",
      "price": 0,
      "size": 0,
      "usdc": 0,
      "asset": "Solana"
    },
    {
      "timestamp": 1770264879,
      "tx_hash": "0xb08c37d5f5f002c3634d9a23219965f927efbdf04735f1265eb5f7c8e859f237",
      "market": "Bitcoin Up or Down - February 4, 9:00PM-9:15PM ET",
      "condition_id": "0x04eaa372d733c855f361a7aa77d78d3a02c35265694c873638bc49ca71d4c1ef",
      "side": "",
      "outcome": "",
      "price": 0,
      "size": 0,
      "usdc": 0,
      "asset": "Bitcoin"
    },
    {
      "timestamp": 1770264879,
      "tx_hash": "0xb08c37d5f5f002c3634d9a23219965f927efbdf04735f1265eb5f7c8e859f237",
      "market": "Ethereum Up or Down - February 4, 10:00PM-10:15PM ET",
      "condition_id": "0xa044fbc0aebad10eeb913a319e1c0fa0d941eb9fb58acbae60a189db43053df6",
      "side": "",
      "outcome": "",
      "price": 0,
      "size": 0,
      "usdc": 0,
      "asset": "Ethereum"
    },
    {
      "timestamp": 1770264879,
      "tx_hash": "0xb08c37d5f5f002c3634d9a23219965f927efbdf04735f1265eb5f7c8e859f237",
      "market": "Solana Up or Down - February 4, 10:00PM-10:15PM ET",
      "condition_id": "0x48573831f464d9df544a990b2089860c62b329f60f1f666555caffd91892b80c",
      "side": "",
      "outcome": "",
      "price": 0,
      "size": 0,
      "usdc": 0,
      "asset": "Solana"
    },
    {
      "timestamp": 1770264879,
      "tx_hash": "0xb08c37d5f5f002c3634d9a23219965f927efbdf04735f1265eb5f7c8e859f237",
      "market": "Bitcoin Up or Down - February 4, 10:15PM-10:30PM ET",
      "condition_id": "0x0b2edc3d8e65840b5eee07c0a4617a11bf008bda4786eb8e3d30b645c49712e5",
      "side": "",
      "outcome": "",
      "price": 0,
      "size": 0,
      "usdc": 0,
      "asset": "Bitcoin"
    },
    {
      "timestamp": 1770264839,
      "tx_hash": "0x06f9f83e9f72f6ba399ad7d3124a3d0fdce2ce6870adc34658a010115f76b834",
      "market": "Ethereum Up or Down - February 4, 9:00PM-9:15PM ET",
      "condition_id": "0x5ea5999d1e85c92df3bd8ef3b73df23d403a892bfcf2d75ca845546720966917",
      "side": "",
      "outcome": "",
      "price": 0,
      "size": 3.9457,
      "usdc": 3.9457,
      "asset": "Ethereum"
    },
    {
      "timestamp": 1770264839,
      "tx_hash": "0x06f9f83e9f72f6ba399ad7d3124a3d0fdce2ce6870adc34658a010115f76b834",
      "market": "Solana Up or Down - February 4, 9:00PM-9:15PM ET",
      "condition_id": "0x82d9c6ffbc5a434f1a98d5316f8ba447c9ec84466acdf56e2934a367fb8dec6f",
      "side": "",
      "outcome": "",
      "price": 0,
      "size": 4.9259,
      "usdc": 4.9259,
      "asset": "Solana"
    },
    {
      "timestamp": 1770264839,
      "tx_hash": "0x06f9f83e9f72f6ba399ad7d3124a3d0fdce2ce6870adc34658a010115f76b834",
      "market": "Bitcoin Up or Down - February 4, 9:00PM-9:15PM ET",
      "condition_id": "0x04eaa372d733c855f361a7aa77d78d3a02c35265694c873638bc49ca71d4c1ef",
      "side": "",
      "outcome": "",
      "price": 0,
      "size": 12.8161,
      "usdc": 12.8161,
      "asset": "Bitcoin"
    },
    {
      "timestamp": 1770264839,
      "tx_hash": "0x06f9f83e9f72f6ba399ad7d3124a3d0fdce2ce6870adc34658a010115f76b834",
      "market": "Ethereum Up or Down - February 4, 10:00PM-10:15PM ET",
      "condition_id": "0xa044fbc0aebad10eeb913a319e1c0fa0d941eb9fb58acbae60a189db43053df6",
      "side": "",
      "outcome": "",
      "price": 0,
      "size": 12.853,
      "usdc": 12.853,
      "asset": "Ethereum"
    },
    {
      "timestamp": 1770264839,
      "tx_hash": "0x06f9f83e9f72f6ba399ad7d3124a3d0fdce2ce6870adc34658a010115f76b834",
      "market": "Solana Up or Down - February 4, 10:00PM-10:15PM ET",
      "condition_id": "0x48573831f464d9df544a990b2089860c62b329f60f1f666555caffd91892b80c",
      "side": "",
      "outcome": "",
      "price": 0,
      "size": 14.9527,
      "usdc": 14.9527,
      "asset": "Solana"
    },
    {
      "timestamp": 1770264839,
      "tx_hash": "0x06f9f83e9f72f6ba399ad7d3124a3d0fdce2ce6870adc34658a010115f76b834",
      "market": "Bitcoin Up or Down - February 4, 10:15PM-10:30PM ET",
      "condition_id": "0x0b2edc3d8e65840b5eee07c0a4617a11bf008bda4786eb8e3d30b645c49712e5",
      "side": "",
      "outcome": "",
      "price": 0,
      "size": 19.990739,
      "usdc": 19.990739,
      "asset": "Bitcoin"
    },
    {
      "timestamp": 1770262329,
      "tx_hash": "0x06745268cfae25dcfbbbbcd895f718c7603ef457b6b3a1b30d251730e4e1901a",
      "market": "Ethereum Up or Down - February 4, 10:30PM-10:45PM ET",
      "condition_id": "0x2a86dcb4c351bd896659190c9c0e2363e792978e90db2a364fb7b1fb9d537c40",
      "side": "BUY",
      "outcome": "Down",
      "price": 0.45,
      "size": 3.9388,
      "usdc": 1.8,
      "asset": "Ethereum"
    },
    {
      "timestamp": 1770261581,
      "tx_hash": "0x540edefe2a3bd5775e085ba23d077f15b7b5310a9031db87df4463d527fdefbf",
      "market": "Solana Up or Down - February 4, 10:15PM-10:30PM ET",
      "condition_id": "0x6cba816ce71b97262f977d0577ebeec5e17cdf722741a5a4130e102a76a8e111",
      "side": "BUY",
      "outcome": "Down",
      "price": 0.5,
      "size": 2.5,
      "usdc": 1.25,
      "asset": "Solana"
    },
    {
      "timestamp": 1770261581,
      "tx_hash": "0x84eba3d87f1e70cd437b9ccf123b33fb0b01b3ad23688ea32834a8d7aaef0f8f",
      "market": "Solana Up or Down - February 4, 10:15PM-10:30PM ET",
      "condition_id": "0x6cba816ce71b97262f977d0577ebeec5e17cdf722741a5a4130e102a76a8e111",
      "side": "BUY",
      "outcome": "Down",
      "price": 0.5,
      "size": 6.5,
      "usdc": 3.25,
      "asset": "Solana"
    },
    {
      "timestamp": 1770261547,
      "tx_hash": "0x0bc2225241fb6258f5926e3f540e7337af3aabc3c0a4c6ddf1aa6c7dc211bf9d",
      "market": "Bitcoin Up or Down - February 4, 10:15PM-10:30PM ET",
      "condition_id": "0x0b2edc3d8e65840b5eee07c0a4617a11bf008bda4786eb8e3d30b645c49712e5",
      "side": "BUY",
      "outcome": "Down",
      "price": 0.46,
      "size": 6.08,
      "usdc": 2.7968,
      "asset": "Bitcoin"
    },
    {
      "timestamp": 1770261547,
      "tx_hash": "0xedc3daf4a961f9bf1c197464e13e2d7029af2ef6cb3d4318509b265f387184d0",
      "market": "Bitcoin Up or Down - February 4, 10:15PM-10:30PM ET",
      "condition_id": "0x0b2edc3d8e65840b5eee07c0a4617a11bf008bda4786eb8e3d30b645c49712e5",
      "side": "BUY",
      "outcome": "Down",
      "price": 0.46000010894452725,
      "size": 0.550739,
      "usdc": 0.25334,
      "asset": "Bitcoin"
    },
    {
      "timestamp": 1770261547,
      "tx_hash": "0xedc3daf4a961f9bf1c197464e13e2d7029af2ef6cb3d4318509b265f387184d0",
      "market": "Bitcoin Up or Down - February 4, 10:15PM-10:30PM ET",
      "condition_id": "0x0b2edc3d8e65840b5eee07c0a4617a11bf008bda4786eb8e3d30b645c49712e5",
      "side": "BUY",
      "outcome": "Down",
      "price": 0.46,
      "size": 5.19,
      "usdc": 2.3874,
      "asset": "Bitcoin"
    },
    {
      "timestamp": 1770261547,
      "tx_hash": "0xe4e6fdc968a440e62e984fa7843b65f5555245adc2b6c36fc4487b5e4c32de98",
      "market": "Bitcoin Up or Down - February 4, 10:15PM-10:30PM ET",
      "condition_id": "0x0b2edc3d8e65840b5eee07c0a4617a11bf008bda4786eb8e3d30b645c49712e5",
      "side": "BUY",
      "outcome": "Down",
      "price": 0.46,
      "size": 2.81,
      "usdc": 1.2926,
      "asset": "Bitcoin"
    },
    {
      "timestamp": 1770261547,
      "tx_hash": "0x8bd8d2a5bb3a4750c25d924242ce74dc0bf5a6284208cec4c3d966a6d3024389",
      "market": "Bitcoin Up or Down - February 4, 10:15PM-10:30PM ET",
      "condition_id": "0x0b2edc3d8e65840b5eee07c0a4617a11bf008bda4786eb8e3d30b645c49712e5",
      "side": "BUY",
      "outcome": "Down",
      "price": 0.46,
      "size": 5.36,
      "usdc": 2.4656,
      "asset": "Bitcoin"
    },
    {
      "timestamp": 1770260947,
      "tx_hash": "0xdabd8d364d33bdb5270085ab2fb4175a512db2dada9930d68a69892c7f98ae89",
      "market": "Solana Up or Down - February 4, 10:00PM-10:15PM ET",
      "condition_id": "0x48573831f464d9df544a990b2089860c62b329f60f1f666555caffd91892b80c",
      "side": "BUY",
      "outcome": "Down",
      "price": 0.3,
      "size": 11,
      "usdc": 3.3,
      "asset": "Solana"
    },
    {
      "timestamp": 1770260869,
      "tx_hash": "0xefae428d94ca04ac608447e3de3abe0d01afeea68dd25a0a5aacd59b1ebadc4c",
      "market": "Bitcoin Up or Down - February 4, 10:00PM-10:15PM ET",
      "condition_id": "0xdbfbca80ebe2c749d339781c17843b82578392d8f179a14bd96564c0cf0eb166",
      "side": "BUY",
      "outcome": "Down",
      "price": 0.36,
      "size": 8.8806,
      "usdc": 3.24,
      "asset": "Bitcoin"
    },
    {
      "timestamp": 1770260803,
      "tx_hash": "0x0733070b7ce470badab59bcb39564105c0b237572fd2c573f36074ca67409543",
      "market": "Bitcoin Up or Down - February 4, 10:00PM-10:15PM ET",
      "condition_id": "0xdbfbca80ebe2c749d339781c17843b82578392d8f179a14bd96564c0cf0eb166",
      "side": "BUY",
      "outcome": "Down",
      "price": 0.33,
      "size": 8.8901,
      "usdc": 2.97,
      "asset": "Bitcoin"
    },
    {
      "timestamp": 1770260775,
      "tx_hash": "0x5678e74ad66f6f55215c815dd5a450b0c5e4f2feb881678946bad2db7c29a08c",
      "market": "Bitcoin Up or Down - February 4, 10:00PM-10:15PM ET",
      "condition_id": "0xdbfbca80ebe2c749d339781c17843b82578392d8f179a14bd96564c0cf0eb166",
      "side": "BUY",
      "outcome": "Down",
      "price": 0.3,
      "size": 3.9559,
      "usdc": 1.2,
      "asset": "Bitcoin"
    },
    {
      "timestamp": 1770260725,
      "tx_hash": "0x700d2f62fe920ad36039b14d5e2485f0e0c5d0c2782a8541f75c4b433cf7fd65",
      "market": "Bitcoin Up or Down - February 4, 10:00PM-10:15PM ET",
      "condition_id": "0xdbfbca80ebe2c749d339781c17843b82578392d8f179a14bd96564c0cf0eb166",
      "side": "BUY",
      "outcome": "Down",
      "price": 0.29,
      "size": 8.9047,
      "usdc": 2.61,
      "asset": "Bitcoin"
    },
    {
      "timestamp": 1770260695,
      "tx_hash": "0xdca0e6fbdb41c1298901a76fc3ab87728f7d049bb02a597a6d5ac0166a60c186",
      "market": "Bitcoin Up or Down - February 4, 10:00PM-10:15PM ET",
      "condition_id": "0xdbfbca80ebe2c749d339781c17843b82578392d8f179a14bd96564c0cf0eb166",
      "side": "BUY",
      "outcome": "Down",
      "price": 0.28,
      "size": 3.9594,
      "usdc": 1.12,
      "asset": "Bitcoin"
    },
    {
      "timestamp": 1770260653,
      "tx_hash": "0x351345f9957a14202aa06c78216c75070af2d0f905bc3b3471af97e8ffd4d273",
      "market": "Bitcoin Up or Down - February 4, 10:00PM-10:15PM ET",
      "condition_id": "0xdbfbca80ebe2c749d339781c17843b82578392d8f179a14bd96564c0cf0eb166",
      "side": "BUY",
      "outcome": "Down",
      "price": 0.25,
      "size": 7.9297,
      "usdc": 2,
      "asset": "Bitcoin"
    },
    {
      "timestamp": 1770260645,
      "tx_hash": "0xa1f3e9dc886ce835592a5432a872247a175100ec03397aba0cc822ead7f80152",
      "market": "Ethereum Up or Down - February 4, 10:00PM-10:15PM ET",
      "condition_id": "0xa044fbc0aebad10eeb913a319e1c0fa0d941eb9fb58acbae60a189db43053df6",
      "side": "BUY",
      "outcome": "Down",
      "price": 0.31,
      "size": 8.8971,
      "usdc": 2.79,
      "asset": "Ethereum"
    },
    {
      "timestamp": 1770260627,
      "tx_hash": "0xdff7c21652dfb7dd67a0651d1318a2ece5e99e10ff7d2d43c2915aba04a79534",
      "market": "Bitcoin Up or Down - February 4, 10:00PM-10:15PM ET",
      "condition_id": "0xdbfbca80ebe2c749d339781c17843b82578392d8f179a14bd96564c0cf0eb166",
      "side": "BUY",
      "outcome": "Down",
      "price": 0.25,
      "size": 3.9649,
      "usdc": 1,
      "asset": "Bitcoin"
    },
    {
      "timestamp": 1770260617,
      "tx_hash": "0x443faab534e2a03b44c2112950b693ee63204bce7ddbb625437e5ae68895f09f",
      "market": "Ethereum Up or Down - February 4, 10:00PM-10:15PM ET",
      "condition_id": "0xa044fbc0aebad10eeb913a319e1c0fa0d941eb9fb58acbae60a189db43053df6",
      "side": "BUY",
      "outcome": "Down",
      "price": 0.3,
      "size": 3.9559,
      "usdc": 1.2,
      "asset": "Ethereum"
    },
    {
      "timestamp": 1770260545,
      "tx_hash": "0x1c1d9a76434d4c060d69cf94171d965dfd3209d8b7fe1bd9a55934d388c015cc",
      "market": "Solana Up or Down - February 4, 10:00PM-10:15PM ET",
      "condition_id": "0x48573831f464d9df544a990b2089860c62b329f60f1f666555caffd91892b80c",
      "side": "BUY",
      "outcome": "Down",
      "price": 0.32,
      "size": 3.9527,
      "usdc": 1.28,
      "asset": "Solana"
    },
    {
      "timestamp": 1770257861,
      "tx_hash": "0xf83cb9d1f0915369b4be9885f15496ce35d4dfa7656a48f90f1d258b5eb3b298",
      "market": "Ethereum Up or Down - February 4, 9:15PM-9:30PM ET",
      "condition_id": "0xa1bde5170b7f2cc1751f926d1f93af2d47dbb30018b94f101d381cda359f5134",
      "side": "BUY",
      "outcome": "Down",
      "price": 0.46,
      "size": 12,
      "usdc": 5.52,
      "asset": "Ethereum"
    },
    {
      "timestamp": 1770257861,
      "tx_hash": "0xf83cb9d1f0915369b4be9885f15496ce35d4dfa7656a48f90f1d258b5eb3b298",
      "market": "Ethereum Up or Down - February 4, 9:15PM-9:30PM ET",
      "condition_id": "0xa1bde5170b7f2cc1751f926d1f93af2d47dbb30018b94f101d381cda359f5134",
      "side": "BUY",
      "outcome": "Down",
      "price": 0.46,
      "size": 7,
      "usdc": 3.22,
      "asset": "Ethereum"
    },
    {
      "timestamp": 1770257859,
      "tx_hash": "0x07485f4b5c8de61e32926041e2ff82679de3a6d06c4d5ebd5429ef36d153fa3d",
      "market": "Bitcoin Up or Down - February 4, 9:15PM-9:30PM ET",
      "condition_id": "0x06942c5bb99887bf0c8ea8c1b5e44b9c72348c6cb5dbda276a241e3c771850a2",
      "side": "BUY",
      "outcome": "Down",
      "price": 0.48,
      "size": 11,
      "usdc": 5.28,
      "asset": "Bitcoin"
    },
    {
      "timestamp": 1770257859,
      "tx_hash": "0x07485f4b5c8de61e32926041e2ff82679de3a6d06c4d5ebd5429ef36d153fa3d",
      "market": "Bitcoin Up or Down - February 4, 9:15PM-9:30PM ET",
      "condition_id": "0x06942c5bb99887bf0c8ea8c1b5e44b9c72348c6cb5dbda276a241e3c771850a2",
      "side": "BUY",
      "outcome": "Down",
      "price": 0.48,
      "size": 8,
      "usdc": 3.84,
      "asset": "Bitcoin"
    },
    {
      "timestamp": 1770257857,
      "tx_hash": "0xb1739c0c613f1fc183f9d692a6626a0c2b2b2475843ef0fc8a7fcac885700d61",
      "market": "Solana Up or Down - February 4, 9:15PM-9:30PM ET",
      "condition_id": "0x42db8106012a4090b5e55deb2c4383d16429fa93e9eea368f80c90b3719b91ee",
      "side": "BUY",
      "outcome": "Down",
      "price": 0.48,
      "size": 14,
      "usdc": 6.72,
      "asset": "Solana"
    },
    {
      "timestamp": 1770257857,
      "tx_hash": "0xb1739c0c613f1fc183f9d692a6626a0c2b2b2475843ef0fc8a7fcac885700d61",
      "market": "Solana Up or Down - February 4, 9:15PM-9:30PM ET",
      "condition_id": "0x42db8106012a4090b5e55deb2c4383d16429fa93e9eea368f80c90b3719b91ee",
      "side": "BUY",
      "outcome": "Down",
      "price": 0.48,
      "size": 10,
      "usdc": 4.8,
      "asset": "Solana"
    },
    {
      "timestamp": 1770257313,
      "tx_hash": "0xc2457a7576e2c6d51139e89e99fbfa70cca1ca1e5c5c753290b25d54d0869b1a",
      "market": "Solana Up or Down - February 4, 8:45PM-9:00PM ET",
      "condition_id": "0xf8efaa0a5e760494dda6502a98009e92a4707eaabe21eeb9bf51bf2700b57214",
      "side": "",
      "outcome": "",
      "price": 0,
      "size": 3.9375,
      "usdc": 3.9375,
      "asset": "Solana"
    },
    {
      "timestamp": 1770257313,
      "tx_hash": "0xc2457a7576e2c6d51139e89e99fbfa70cca1ca1e5c5c753290b25d54d0869b1a",
      "market": "Bitcoin Up or Down - February 4, 8:45PM-9:00PM ET",
      "condition_id": "0x294040f7fb7f8c638a05b29eef0214786c4308b39caae6bf6907326b7fddf22c",
      "side": "",
      "outcome": "",
      "price": 0,
      "size": 17,
      "usdc": 17,
      "asset": "Bitcoin"
    },
    {
      "timestamp": 1770256965,
      "tx_hash": "0x1f1a7f809efc2779a897b501f3d0eadf5646d3430e68a6078cc74717aa81117f",
      "market": "Solana Up or Down - February 4, 9:00PM-9:15PM ET",
      "condition_id": "0x82d9c6ffbc5a434f1a98d5316f8ba447c9ec84466acdf56e2934a367fb8dec6f",
      "side": "BUY",
      "outcome": "Down",
      "price": 0.42,
      "size": 4.9259,
      "usdc": 2.1,
      "asset": "Solana"
    },
    {
      "timestamp": 1770256899,
      "tx_hash": "0xfb4b493210527927d9616fc17c1671ba7d6768bf099d69586415eb24f9b8211e",
      "market": "Ethereum Up or Down - February 4, 9:00PM-9:15PM ET",
      "condition_id": "0x5ea5999d1e85c92df3bd8ef3b73df23d403a892bfcf2d75ca845546720966917",
      "side": "BUY",
      "outcome": "Down",
      "price": 0.37,
      "size": 3.9457,
      "usdc": 1.48,
      "asset": "Ethereum"
    },
    {
      "timestamp": 1770256897,
      "tx_hash": "0x49afe4c4427e30a0be584b0a053766692f61d3ef3ac981d3832a2482604157e8",
      "market": "Bitcoin Up or Down - February 4, 9:00PM-9:15PM ET",
      "condition_id": "0x04eaa372d733c855f361a7aa77d78d3a02c35265694c873638bc49ca71d4c1ef",
      "side": "BUY",
      "outcome": "Down",
      "price": 0.39,
      "size": 12.8161,
      "usdc": 5.07,
      "asset": "Bitcoin"
    },
    {
      "timestamp": 1770256187,
      "tx_hash": "0x4f9367ca6cbb47e3484bd44f4da699cafd56cc08b05be4b4b91ec7eee2840679",
      "market": "Bitcoin Up or Down - February 4, 8:45PM-9:00PM ET",
      "condition_id": "0x294040f7fb7f8c638a05b29eef0214786c4308b39caae6bf6907326b7fddf22c",
      "side": "BUY",
      "outcome": "Down",
      "price": 0.5,
      "size": 0.36,
      "usdc": 0.18,
      "asset": "Bitcoin"
    },
    {
      "timestamp": 1770256187,
      "tx_hash": "0x6f7afaf15a231090ede1f4bd05be5e6ed09dd8bb06e0f876402c53684843fac8",
      "market": "Bitcoin Up or Down - February 4, 8:45PM-9:00PM ET",
      "condition_id": "0x294040f7fb7f8c638a05b29eef0214786c4308b39caae6bf6907326b7fddf22c",
      "side": "BUY",
      "outcome": "Down",
      "price": 0.5,
      "size": 11,
      "usdc": 5.5,
      "asset": "Bitcoin"
    },
    {
      "timestamp": 1770256187,
      "tx_hash": "0x996cff48be0c332c29ec6496f9bd7ac12db6305098a76fa6e130d4f59613d919",
      "market": "Bitcoin Up or Down - February 4, 8:45PM-9:00PM ET",
      "condition_id": "0x294040f7fb7f8c638a05b29eef0214786c4308b39caae6bf6907326b7fddf22c",
      "side": "BUY",
      "outcome": "Down",
      "price": 0.5,
      "size": 5.64,
      "usdc": 2.82,
      "asset": "Bitcoin"
    },
    {
      "timestamp": 1770256133,
      "tx_hash": "0x795e16731ba74498974f01eb7b4e8f0a8eb3e63a101cf594586eff65687bdabb",
      "market": "Solana Up or Down - February 4, 8:45PM-9:00PM ET",
      "condition_id": "0xf8efaa0a5e760494dda6502a98009e92a4707eaabe21eeb9bf51bf2700b57214",
      "side": "BUY",
      "outcome": "Down",
      "price": 0.5,
      "size": 3.9375,
      "usdc": 2,
      "asset": "Solana"
    },
    {
      "timestamp": 1770255719,
      "tx_hash": "0x36608327d641c37f7f8c39f2e78af9cd3623f82339542eaff2102cd18c63a1ef",
      "market": "Ethereum Up or Down - February 4, 8:15PM-8:30PM ET",
      "condition_id": "0xcbbbd8c1af06e62bf600eb49da13a452b45efa60e08170f78504faae1d0c13b2",
      "side": "",
      "outcome": "",
      "price": 0,
      "size": 5,
      "usdc": 5,
      "asset": "Ethereum"
    },
    {
      "timestamp": 1770254915,
      "tx_hash": "0x41c7a7151a933fe6b6e14b2b2b40405491926a57b793056287b4d8239cf199cc",
      "market": "Ethereum Up or Down - February 4, 8:15PM-8:30PM ET",
      "condition_id": "0xcbbbd8c1af06e62bf600eb49da13a452b45efa60e08170f78504faae1d0c13b2",
      "side": "BUY",
      "outcome": "Down",
      "price": 0.55,
      "size": 5,
      "usdc": 2.75,
      "asset": "Ethereum"
    },
    {
      "timestamp": 1770251459,
      "tx_hash": "0x6ada9b39a137f31e1e48f5fa12bdd60d4b9389b54600cc944da92e28ae13a101",
      "market": "Solana Up or Down - February 4, 7:00PM-7:15PM ET",
      "condition_id": "0xa64a2a5f4a64786b63d6dbe7c53396258348172fb6757e8df164bebe45b67827",
      "side": "",
      "outcome": "",
      "price": 0,
      "size": 8.8594,
      "usdc": 8.8594,
      "asset": "Solana"
    },
    {
      "timestamp": 1770251459,
      "tx_hash": "0x6ada9b39a137f31e1e48f5fa12bdd60d4b9389b54600cc944da92e28ae13a101",
      "market": "Solana Up or Down - February 4, 6:30PM-6:45PM ET",
      "condition_id": "0x01335bbb56dc197a5dc0f24e506cfee1d391cd180d95256f69fe73f1f264a661",
      "side": "",
      "outcome": "",
      "price": 0,
      "size": 9.8443,
      "usdc": 9.8443,
      "asset": "Solana"
    },
    {
      "timestamp": 1770251459,
      "tx_hash": "0x6ada9b39a137f31e1e48f5fa12bdd60d4b9389b54600cc944da92e28ae13a101",
      "market": "Ethereum Up or Down - February 4, 6:30PM-6:45PM ET",
      "condition_id": "0xba042b8ae25425dc009f633ee978c9376aaf2405a7c72c7fafc2a828f7b96a54",
      "side": "",
      "outcome": "",
      "price": 0,
      "size": 13.7924,
      "usdc": 13.7924,
      "asset": "Ethereum"
    },
    {
      "timestamp": 1770251459,
      "tx_hash": "0x6ada9b39a137f31e1e48f5fa12bdd60d4b9389b54600cc944da92e28ae13a101",
      "market": "Bitcoin Up or Down - February 4, 7:00PM-7:15PM ET",
      "condition_id": "0x16dff72e0b7bf294553efa690c3920ef3074bbd5e458f365ad77da8b96bb76ca",
      "side": "",
      "outcome": "",
      "price": 0,
      "size": 14.7657,
      "usdc": 14.7657,
      "asset": "Bitcoin"
    },
    {
      "timestamp": 1770251459,
      "tx_hash": "0x6ada9b39a137f31e1e48f5fa12bdd60d4b9389b54600cc944da92e28ae13a101",
      "market": "Bitcoin Up or Down - February 4, 6:30PM-6:45PM ET",
      "condition_id": "0x75b508d9a71fa0b0a2b06614e55d5d07310fe49081d974291c3657f2ae919be0",
      "side": "",
      "outcome": "",
      "price": 0,
      "size": 14.801,
      "usdc": 14.801,
      "asset": "Bitcoin"
    },
    {
      "timestamp": 1770249705,
      "tx_hash": "0xc34c775c4aefde11cefdddba7a351344f46eb6bd9089a2c4f7098824e3707bce",
      "market": "Solana Up or Down - February 4, 7:00PM-7:15PM ET",
      "condition_id": "0xa64a2a5f4a64786b63d6dbe7c53396258348172fb6757e8df164bebe45b67827",
      "side": "BUY",
      "outcome": "Down",
      "price": 0.5,
      "size": 8.8594,
      "usdc": 4.5,
      "asset": "Solana"
    },
    {
      "timestamp": 1770249703,
      "tx_hash": "0x09a9553a00720e150b9e74594452240c04925fd6b600594184483efdad894204",
      "market": "Bitcoin Up or Down - February 4, 7:00PM-7:15PM ET",
      "condition_id": "0x16dff72e0b7bf294553efa690c3920ef3074bbd5e458f365ad77da8b96bb76ca",
      "side": "BUY",
      "outcome": "Down",
      "price": 0.5,
      "size": 14.7657,
      "usdc": 7.5,
      "asset": "Bitcoin"
    },
    {
      "timestamp": 1770249165,
      "tx_hash": "0x69026438bbba749db2435993c463f85d4c9914f465e44e28ef52187c5b84418d",
      "market": "Bitcoin Up or Down - February 4, 6:45PM-7:00PM ET",
      "condition_id": "0x72dfed9fc17e4dd388b09975d0af939cee1ba358dae06f963d469c70da2da831",
      "side": "BUY",
      "outcome": "Up",
      "price": 0.48,
      "size": 10.09,
      "usdc": 4.8432,
      "asset": "Bitcoin"
    },
    {
      "timestamp": 1770249163,
      "tx_hash": "0x2659e2e38f9d775a0483f3008987a91f2adc964092a0a96c5b1a0494e0468d1a",
      "market": "Bitcoin Up or Down - February 4, 6:45PM-7:00PM ET",
      "condition_id": "0x72dfed9fc17e4dd388b09975d0af939cee1ba358dae06f963d469c70da2da831",
      "side": "BUY",
      "outcome": "Up",
      "price": 0.48,
      "size": 5.5,
      "usdc": 2.64,
      "asset": "Bitcoin"
    },
    {
      "timestamp": 1770249163,
      "tx_hash": "0x62a88a96c0fcf5baba795b104cfaf19db75d5db6fc576c4f7866a4b97a5365b6",
      "market": "Bitcoin Up or Down - February 4, 6:45PM-7:00PM ET",
      "condition_id": "0x72dfed9fc17e4dd388b09975d0af939cee1ba358dae06f963d469c70da2da831",
      "side": "BUY",
      "outcome": "Up",
      "price": 0.48000039468847977,
      "size": 0.405383,
      "usdc": 0.194584,
      "asset": "Bitcoin"
    },
    {
      "timestamp": 1770248989,
      "tx_hash": "0x1adc24e86794a625fee4e64be1a2946aeb8318ba4ad00d81aa3ca905177777a8",
      "market": "Ethereum Up or Down - February 4, 6:45PM-7:00PM ET",
      "condition_id": "0x8cdb8f342d02e2e79fdf41755b81ede245ff2c1b504f381341bd3c7f2ed1ebcb",
      "side": "BUY",
      "outcome": "Up",
      "price": 0.46000003586716953,
      "size": 5.018517,
      "usdc": 2.308518,
      "asset": "Ethereum"
    },
    {
      "timestamp": 1770248989,
      "tx_hash": "0x453d0a31bf0af996dd55c30a009b29ec715da5f967452ddbd4dc0f12c8ac681d",
      "market": "Ethereum Up or Down - February 4, 6:45PM-7:00PM ET",
      "condition_id": "0x8cdb8f342d02e2e79fdf41755b81ede245ff2c1b504f381341bd3c7f2ed1ebcb",
      "side": "BUY",
      "outcome": "Up",
      "price": 0.46,
      "size": 5,
      "usdc": 2.3,
      "asset": "Ethereum"
    },
    {
      "timestamp": 1770248989,
      "tx_hash": "0x54e72fd88420d006bc2ac14975be6c8a93fb0214a78d113897798df362a5b888",
      "market": "Ethereum Up or Down - February 4, 6:45PM-7:00PM ET",
      "condition_id": "0x8cdb8f342d02e2e79fdf41755b81ede245ff2c1b504f381341bd3c7f2ed1ebcb",
      "side": "BUY",
      "outcome": "Up",
      "price": 0.46,
      "size": 1.98,
      "usdc": 0.9108,
      "asset": "Ethereum"
    },
    {
      "timestamp": 1770248887,
      "tx_hash": "0x659b92d409cb204434e8f5f7c975fa6052979946a144e3c92e9ee27c349e5e1a",
      "market": "Solana Up or Down - February 4, 6:45PM-7:00PM ET",
      "condition_id": "0x297cb0b0518bec95d90b58dc210de23d61f0074ece38c35100494a32f8268ea8",
      "side": "BUY",
      "outcome": "Up",
      "price": 0.46,
      "size": 1.12,
      "usdc": 0.5152,
      "asset": "Solana"
    },
    {
      "timestamp": 1770248885,
      "tx_hash": "0x94a3c96749d5e3997a9836f13d7f2ab92472fd3ad56abfd3723d412a2d6d34a0",
      "market": "Solana Up or Down - February 4, 6:45PM-7:00PM ET",
      "condition_id": "0x297cb0b0518bec95d90b58dc210de23d61f0074ece38c35100494a32f8268ea8",
      "side": "BUY",
      "outcome": "Up",
      "price": 0.46000008735295916,
      "size": 5.037036,
      "usdc": 2.317037,
      "asset": "Solana"
    },
    {
      "timestamp": 1770248885,
      "tx_hash": "0x579b0f194ddd4c9de598b46798f2c65bf79d409d5d2ecebc06cb373035c031b1",
      "market": "Solana Up or Down - February 4, 6:45PM-7:00PM ET",
      "condition_id": "0x297cb0b0518bec95d90b58dc210de23d61f0074ece38c35100494a32f8268ea8",
      "side": "BUY",
      "outcome": "Up",
      "price": 0.4600000579310505,
      "size": 4.833332,
      "usdc": 2.223333,
      "asset": "Solana"
    },
    {
      "timestamp": 1770247915,
      "tx_hash": "0xdefd7562d13007b005e3500bb5701bed68155bf0fb0dd800d7c51a756590f45a",
      "market": "Ethereum Up or Down - February 4, 6:30PM-6:45PM ET",
      "condition_id": "0xba042b8ae25425dc009f633ee978c9376aaf2405a7c72c7fafc2a828f7b96a54",
      "side": "BUY",
      "outcome": "Up",
      "price": 0.42,
      "size": 13.7924,
      "usdc": 5.88,
      "asset": "Ethereum"
    },
    {
      "timestamp": 1770247915,
      "tx_hash": "0x75583e1dac0d9c3a2816328f2bda9a3ace39b4f44004cb02a0092053ffcd2269",
      "market": "Solana Up or Down - February 4, 6:30PM-6:45PM ET",
      "condition_id": "0x01335bbb56dc197a5dc0f24e506cfee1d391cd180d95256f69fe73f1f264a661",
      "side": "BUY",
      "outcome": "Up",
      "price": 0.48,
      "size": 9.8443,
      "usdc": 4.8,
      "asset": "Solana"
    },
    {
      "timestamp": 1770247913,
      "tx_hash": "0xccdcbacd68ee0c585ee67f6e38aefead8e923a0b7ca836b9f3400945cd99aac7",
      "market": "Bitcoin Up or Down - February 4, 6:30PM-6:45PM ET",
      "condition_id": "0x75b508d9a71fa0b0a2b06614e55d5d07310fe49081d974291c3657f2ae919be0",
      "side": "BUY",
      "outcome": "Up",
      "price": 0.36,
      "size": 14.801,
      "usdc": 5.4,
      "asset": "Bitcoin"
    },
    {
      "timestamp": 1770247713,
      "tx_hash": "0xdd5b56538d5b6d8bc1b5f10bd283b22d53b9673d6e0bad8d7de0bc599c5cd1d2",
      "market": "Solana Up or Down - February 4, 3:15PM-3:30PM ET",
      "condition_id": "0x5271175468407f51adbfd12eb9ac98d73541d867b16ecebf81f270b52fdbab7e",
      "side": "",
      "outcome": "",
      "price": 0,
      "size": 8.8752,
      "usdc": 8.8752,
      "asset": "Solana"
    },
    {
      "timestamp": 1770247713,
      "tx_hash": "0xdd5b56538d5b6d8bc1b5f10bd283b22d53b9673d6e0bad8d7de0bc599c5cd1d2",
      "market": "Solana Up or Down - February 4, 3:30PM-3:45PM ET",
      "condition_id": "0x86e273f0833fb06ccf8cb6692d347d73ef6c5b68baed91a2944024b9385b9c8a",
      "side": "",
      "outcome": "",
      "price": 0,
      "size": 10,
      "usdc": 10,
      "asset": "Solana"
    },
    {
      "timestamp": 1770247713,
      "tx_hash": "0xdd5b56538d5b6d8bc1b5f10bd283b22d53b9673d6e0bad8d7de0bc599c5cd1d2",
      "market": "Solana Up or Down - February 4, 4:00PM-4:15PM ET",
      "condition_id": "0x87095b8a7e2e742b497c7083d30cddbbc2939757de7a6b987a043757e0fbfe31",
      "side": "",
      "outcome": "",
      "price": 0,
      "size": 10,
      "usdc": 10,
      "asset": "Solana"
    },
    {
      "timestamp": 1770247713,
      "tx_hash": "0xdd5b56538d5b6d8bc1b5f10bd283b22d53b9673d6e0bad8d7de0bc599c5cd1d2",
      "market": "Bitcoin Up or Down - February 4, 4:30PM-4:45PM ET",
      "condition_id": "0x3a83b2f006056998937d86d61232bb715031105c84fa1cfa578bf1add0d021a7",
      "side": "",
      "outcome": "",
      "price": 0,
      "size": 14.8112,
      "usdc": 14.8112,
      "asset": "Bitcoin"
    },
    {
      "timestamp": 1770240685,
      "tx_hash": "0xb16ce810c88c11aa49114f329a2e9b016857ae047941093b2280816981460212",
      "market": "Bitcoin Up or Down - February 4, 4:30PM-4:45PM ET",
      "condition_id": "0x3a83b2f006056998937d86d61232bb715031105c84fa1cfa578bf1add0d021a7",
      "side": "BUY",
      "outcome": "Down",
      "price": 0.34,
      "size": 14.8112,
      "usdc": 5.1,
      "asset": "Bitcoin"
    },
    {
      "timestamp": 1770238939,
      "tx_hash": "0x1fe83fe18de8aafcd2fc1c164044240fbec061d212ec198906498c934c689204",
      "market": "Solana Up or Down - February 4, 4:00PM-4:15PM ET",
      "condition_id": "0x87095b8a7e2e742b497c7083d30cddbbc2939757de7a6b987a043757e0fbfe31",
      "side": "BUY",
      "outcome": "Down",
      "price": 0.46,
      "size": 10,
      "usdc": 4.6,
      "asset": "Solana"
    },
    {
      "timestamp": 1770238917,
      "tx_hash": "0xe527c456e85a7896c920330b8b9921cc9217987790e49946a6303f179e96bdb7",
      "market": "Bitcoin Up or Down - February 4, 4:00PM-4:15PM ET",
      "condition_id": "0xb9df7939b3704f39da53978df77b8c9d3d28bec33d5f2e3ff22b3e1ff8967d2a",
      "side": "BUY",
      "outcome": "Down",
      "price": 0.43,
      "size": 9.8499,
      "usdc": 4.3,
      "asset": "Bitcoin"
    },
    {
      "timestamp": 1770238083,
      "tx_hash": "0xaeeab80af04c12c79801e720cb202c4b9b52cf5f1bffc3657733c288ceddd057",
      "market": "Solana Up or Down - February 4, 3:45PM-4:00PM ET",
      "condition_id": "0xda0dfea845e9a0a552d119cc445b2d50b5bbc568f033f47b0fb688a866d282c4",
      "side": "BUY",
      "outcome": "Down",
      "price": 0.49,
      "size": 9.8439,
      "usdc": 4.9,
      "asset": "Solana"
    },
    {
      "timestamp": 1770238019,
      "tx_hash": "0x54e2094f83437e6794b1feccb5c35ef069fb674591b9165ea5209a11a6eb39dc",
      "market": "Ethereum Up or Down - February 4, 3:45PM-4:00PM ET",
      "condition_id": "0x70e59f6fed8c91446783b8f20b06bffff3638c36a4f57285b550fd49e09341b7",
      "side": "BUY",
      "outcome": "Up",
      "price": 0.47,
      "size": 13.7829,
      "usdc": 6.58,
      "asset": "Ethereum"
    },
    {
      "timestamp": 1770238019,
      "tx_hash": "0x8f4ccf41c50a3a72b88cf102af3bd8411be22f148a8f7bea9eef709b3a1358c0",
      "market": "Bitcoin Up or Down - February 4, 3:45PM-4:00PM ET",
      "condition_id": "0xeec7d74bb122b7ec47ab2a9991a28786cbb8fec81c7d4178345d7ba9e79d4235",
      "side": "BUY",
      "outcome": "Up",
      "price": 0.4,
      "size": 13.7984,
      "usdc": 5.6,
      "asset": "Bitcoin"
    },
    {
      "timestamp": 1770237533,
      "tx_hash": "0xf0cdaa6ae1f7a87b04ec56ae674f4da72306a17b58850da381d7175085c55151",
      "market": "Bitcoin Up or Down - February 4, 3:30PM-3:45PM ET",
      "condition_id": "0x43289e9fd93b39d6f5eb11f8e52452027cee63abf0ecaf4b27e77ff50a839ca5",
      "side": "BUY",
      "outcome": "Down",
      "price": 0.5,
      "size": 9,
      "usdc": 4.5,
      "asset": "Bitcoin"
    },
    {
      "timestamp": 1770237481,
      "tx_hash": "0x99f4775e0c7f55fabec034c91f505d02c33f7c1636314d62b74e1816e74b80f4",
      "market": "Ethereum Up or Down - February 4, 3:30PM-3:45PM ET",
      "condition_id": "0xe8e196ffddd64f8d0b0bf345e2517375fdd04c33537b6a45e100e013a1afe0af",
      "side": "BUY",
      "outcome": "Down",
      "price": 0.51,
      "size": 9,
      "usdc": 4.59,
      "asset": "Ethereum"
    },
    {
      "timestamp": 1770237249,
      "tx_hash": "0x26590a86ea2f083bafca1553a1e159fe386dd5c452ea87ccd3125a9e105abdf9",
      "market": "Solana Up or Down - February 4, 3:30PM-3:45PM ET",
      "condition_id": "0x86e273f0833fb06ccf8cb6692d347d73ef6c5b68baed91a2944024b9385b9c8a",
      "side": "BUY",
      "outcome": "Down",
      "price": 0.5,
      "size": 6,
      "usdc": 3,
      "asset": "Solana"
    },
    {
      "timestamp": 1770237245,
      "tx_hash": "0x2f78b74a9cfd7538e01fcfac80a629418a16684c624b7183ead2a3c0df314bc6",
      "market": "Solana Up or Down - February 4, 3:30PM-3:45PM ET",
      "condition_id": "0x86e273f0833fb06ccf8cb6692d347d73ef6c5b68baed91a2944024b9385b9c8a",
      "side": "BUY",
      "outcome": "Down",
      "price": 0.5,
      "size": 4,
      "usdc": 2,
      "asset": "Solana"
    },
    {
      "timestamp": 1770236619,
      "tx_hash": "0x3676d23fd12c43aa3ff8874673b26e8faff3befb441f155f138e743675659a03",
      "market": "Solana Up or Down - February 4, 2:45PM-3:00PM ET",
      "condition_id": "0xea1c7f065fa65299b842a2d76ae290987e54bcb4ebc9658dea17b145138ab934",
      "side": "",
      "outcome": "",
      "price": 0,
      "size": 10,
      "usdc": 10,
      "asset": "Solana"
    },
    {
      "timestamp": 1770236619,
      "tx_hash": "0x3676d23fd12c43aa3ff8874673b26e8faff3befb441f155f138e743675659a03",
      "market": "Bitcoin Up or Down - February 4, 2:45PM-3:00PM ET",
      "condition_id": "0xba76c4c939e9e4824622c05a1e6add06175d81c6183b230204d154ed0496babf",
      "side": "",
      "outcome": "",
      "price": 0,
      "size": 16,
      "usdc": 16,
      "asset": "Bitcoin"
    },
    {
      "timestamp": 1770236359,
      "tx_hash": "0xa09b6a760d4baf1fb3f885a269467637e238d4210dcda0434ff94e8d24c34077",
      "market": "Ethereum Up or Down - February 4, 3:15PM-3:30PM ET",
      "condition_id": "0x0bbccce96ab4710bda7ec23a6eb38fbdf3eed93a9791b292bf8086f92d6eaa6d",
      "side": "BUY",
      "outcome": "Down",
      "price": 0.33,
      "size": 8.8901,
      "usdc": 2.97,
      "asset": "Ethereum"
    },
    {
      "timestamp": 1770236189,
      "tx_hash": "0xdd3de814656d34b81e58e56584ff0ab7fc85c554d6f1cc138088563b82c2cbfb",
      "market": "Bitcoin Up or Down - February 4, 3:15PM-3:30PM ET",
      "condition_id": "0x54d24f8f4caea1f12d051dc773940c0834ea2688f01751507842f716fdde9e1c",
      "side": "BUY",
      "outcome": "Down",
      "price": 0.47,
      "size": 8.8604,
      "usdc": 4.23,
      "asset": "Bitcoin"
    },
    {
      "timestamp": 1770236189,
      "tx_hash": "0x41073d1969f6f1ea97efc39547f72887484a2cb1fe8c8cd50a919bb30122109e",
      "market": "Solana Up or Down - February 4, 3:15PM-3:30PM ET",
      "condition_id": "0x5271175468407f51adbfd12eb9ac98d73541d867b16ecebf81f270b52fdbab7e",
      "side": "BUY",
      "outcome": "Down",
      "price": 0.38,
      "size": 8.8752,
      "usdc": 3.42,
      "asset": "Solana"
    },
    {
      "timestamp": 1770235357,
      "tx_hash": "0xceb9e903c969b5d112e53a67d4d07a03ba87d7790696a1f26dd58b810d394efc",
      "market": "Bitcoin Up or Down - February 4, 3:00PM-3:15PM ET",
      "condition_id": "0x9293b720e3c7d260c90af590f2d291d002b1f2dad81283d5105b5ad36317cad9",
      "side": "BUY",
      "outcome": "Up",
      "price": 0.39,
      "size": 13.802,
      "usdc": 5.46,
      "asset": "Bitcoin"
    },
    {
      "timestamp": 1770235293,
      "tx_hash": "0x88d0e75655d5503f96d03a009419ee382c6ce0f7f11ebcbb045b35e7837f5fc8",
      "market": "Ethereum Up or Down - February 4, 3:00PM-3:15PM ET",
      "condition_id": "0x9f134abc143d08285633c13a5271bb7183c4f08742a7fe6004bc3237e0cf629b",
      "side": "BUY",
      "outcome": "Up",
      "price": 0.29,
      "size": 11.8729,
      "usdc": 3.48,
      "asset": "Ethereum"
    },
    {
      "timestamp": 1770234619,
      "tx_hash": "0x99bee64ba87349697e927657dce70a23fd45e5b247badefce2486ef72246a787",
      "market": "Solana Up or Down - February 4, 2:45PM-3:00PM ET",
      "condition_id": "0xea1c7f065fa65299b842a2d76ae290987e54bcb4ebc9658dea17b145138ab934",
      "side": "BUY",
      "outcome": "Up",
      "price": 0.5,
      "size": 10,
      "usdc": 5,
      "asset": "Solana"
    },
    {
      "timestamp": 1770234615,
      "tx_hash": "0x6e21f4e65d2baac660ecdb9b373aba7da656bed9a50b7adfecc9a19399ffd5d4",
      "market": "Bitcoin Up or Down - February 4, 2:45PM-3:00PM ET",
      "condition_id": "0xba76c4c939e9e4824622c05a1e6add06175d81c6183b230204d154ed0496babf",
      "side": "BUY",
      "outcome": "Up",
      "price": 0.5,
      "size": 16,
      "usdc": 8,
      "asset": "Bitcoin"
    },
    {
      "timestamp": 1770234039,
      "tx_hash": "0xb5b7dffca64c80e958dd5be34fa23c9b6e3a123625fc40b9cf90cde6693fa096",
      "market": "Bitcoin Up or Down - February 4, 1:30PM-1:45PM ET",
      "condition_id": "0xa1da98191ee00000d93dc4dd240e133807783d339725af18f6690dd79eb5d563",
      "side": "",
      "outcome": "",
      "price": 0,
      "size": 0,
      "usdc": 0,
      "asset": "Bitcoin"
    },
    {
      "timestamp": 1770234039,
      "tx_hash": "0xb5b7dffca64c80e958dd5be34fa23c9b6e3a123625fc40b9cf90cde6693fa096",
      "market": "Solana Up or Down - February 4, 1:30PM-1:45PM ET",
      "condition_id": "0x067f969b0826c19197a31b17529e9d1a090f6cc78edb50cbf9f9fc72e862c9f0",
      "side": "",
      "outcome": "",
      "price": 0,
      "size": 0,
      "usdc": 0,
      "asset": "Solana"
    },
    {
      "timestamp": 1770234039,
      "tx_hash": "0xb5b7dffca64c80e958dd5be34fa23c9b6e3a123625fc40b9cf90cde6693fa096",
      "market": "Ethereum Up or Down - February 4, 2:15PM-2:30PM ET",
      "condition_id": "0xb01dcea630313aa21bfaeaf15f91ef1b46515546dcb13054fcea5a8ba166a9e5",
      "side": "",
      "outcome": "",
      "price": 0,
      "size": 0,
      "usdc": 0,
      "asset": "Ethereum"
    },
    {
      "timestamp": 1770234039,
      "tx_hash": "0xb5b7dffca64c80e958dd5be34fa23c9b6e3a123625fc40b9cf90cde6693fa096",
      "market": "Ethereum Up or Down - February 4, 12:45PM-1:00PM ET",
      "condition_id": "0x8777ecfc126ddbb3ba972c2a3f14708e74581ab3bdde6d30812310f22b748f49",
      "side": "",
      "outcome": "",
      "price": 0,
      "size": 0,
      "usdc": 0,
      "asset": "Ethereum"
    },
    {
      "timestamp": 1770234039,
      "tx_hash": "0xb5b7dffca64c80e958dd5be34fa23c9b6e3a123625fc40b9cf90cde6693fa096",
      "market": "Bitcoin Up or Down - February 4, 1:00PM-1:15PM ET",
      "condition_id": "0xb4ab82dd1bce34902acecdeb8077e299ee06dcc074977e763795954473669d6d",
      "side": "",
      "outcome": "",
      "price": 0,
      "size": 0,
      "usdc": 0,
      "asset": "Bitcoin"
    },
    {
      "timestamp": 1770234039,
      "tx_hash": "0xb5b7dffca64c80e958dd5be34fa23c9b6e3a123625fc40b9cf90cde6693fa096",
      "market": "Bitcoin Up or Down - February 4, 2:15PM-2:30PM ET",
      "condition_id": "0xac7595782b26efd406d45912f1c47a45ad375215b0b76e2e60d69d49b099e263",
      "side": "",
      "outcome": "",
      "price": 0,
      "size": 0,
      "usdc": 0,
      "asset": "Bitcoin"
    },
    {
      "timestamp": 1770234039,
      "tx_hash": "0xb5b7dffca64c80e958dd5be34fa23c9b6e3a123625fc40b9cf90cde6693fa096",
      "market": "Solana Up or Down - February 4, 12:45PM-1:00PM ET",
      "condition_id": "0x175d7680c7e8940a4eb0e565d02d9206c1950993a316db9a26cba9774073f8fd",
      "side": "",
      "outcome": "",
      "price": 0,
      "size": 0,
      "usdc": 0,
      "asset": "Solana"
    },
    {
      "timestamp": 1770234039,
      "tx_hash": "0xb5b7dffca64c80e958dd5be34fa23c9b6e3a123625fc40b9cf90cde6693fa096",
      "market": "Bitcoin Up or Down - February 4, 1:15PM-1:30PM ET",
      "condition_id": "0xbef48741461be3d981e63e6a6d494a076901bbcd8983c4de29f1ece45bc042d7",
      "side": "",
      "outcome": "",
      "price": 0,
      "size": 0,
      "usdc": 0,
      "asset": "Bitcoin"
    },
    {
      "timestamp": 1770233895,
      "tx_hash": "0x9a6f3ad5666f9dac200425f5f296253cc575ec3ce2957abcbe5ea8fdd73184df",
      "market": "Bitcoin Up or Down - February 4, 1:30PM-1:45PM ET",
      "condition_id": "0xa1da98191ee00000d93dc4dd240e133807783d339725af18f6690dd79eb5d563",
      "side": "",
      "outcome": "",
      "price": 0,
      "size": 0,
      "usdc": 0,
      "asset": "Bitcoin"
    },
    {
      "timestamp": 1770233895,
      "tx_hash": "0x9a6f3ad5666f9dac200425f5f296253cc575ec3ce2957abcbe5ea8fdd73184df",
      "market": "Solana Up or Down - February 4, 1:30PM-1:45PM ET",
      "condition_id": "0x067f969b0826c19197a31b17529e9d1a090f6cc78edb50cbf9f9fc72e862c9f0",
      "side": "",
      "outcome": "",
      "price": 0,
      "size": 0,
      "usdc": 0,
      "asset": "Solana"
    },
    {
      "timestamp": 1770233895,
      "tx_hash": "0x9a6f3ad5666f9dac200425f5f296253cc575ec3ce2957abcbe5ea8fdd73184df",
      "market": "Ethereum Up or Down - February 4, 2:15PM-2:30PM ET",
      "condition_id": "0xb01dcea630313aa21bfaeaf15f91ef1b46515546dcb13054fcea5a8ba166a9e5",
      "side": "",
      "outcome": "",
      "price": 0,
      "size": 0,
      "usdc": 0,
      "asset": "Ethereum"
    },
    {
      "timestamp": 1770233895,
      "tx_hash": "0x9a6f3ad5666f9dac200425f5f296253cc575ec3ce2957abcbe5ea8fdd73184df",
      "market": "Ethereum Up or Down - February 4, 12:45PM-1:00PM ET",
      "condition_id": "0x8777ecfc126ddbb3ba972c2a3f14708e74581ab3bdde6d30812310f22b748f49",
      "side": "",
      "outcome": "",
      "price": 0,
      "size": 0,
      "usdc": 0,
      "asset": "Ethereum"
    },
    {
      "timestamp": 1770233895,
      "tx_hash": "0x9a6f3ad5666f9dac200425f5f296253cc575ec3ce2957abcbe5ea8fdd73184df",
      "market": "Bitcoin Up or Down - February 4, 1:00PM-1:15PM ET",
      "condition_id": "0xb4ab82dd1bce34902acecdeb8077e299ee06dcc074977e763795954473669d6d",
      "side": "",
      "outcome": "",
      "price": 0,
      "size": 0,
      "usdc": 0,
      "asset": "Bitcoin"
    },
    {
      "timestamp": 1770233895,
      "tx_hash": "0x9a6f3ad5666f9dac200425f5f296253cc575ec3ce2957abcbe5ea8fdd73184df",
      "market": "Bitcoin Up or Down - February 4, 2:15PM-2:30PM ET",
      "condition_id": "0xac7595782b26efd406d45912f1c47a45ad375215b0b76e2e60d69d49b099e263",
      "side": "",
      "outcome": "",
      "price": 0,
      "size": 0,
      "usdc": 0,
      "asset": "Bitcoin"
    },
    {
      "timestamp": 1770233895,
      "tx_hash": "0x9a6f3ad5666f9dac200425f5f296253cc575ec3ce2957abcbe5ea8fdd73184df",
      "market": "Solana Up or Down - February 4, 12:45PM-1:00PM ET",
      "condition_id": "0x175d7680c7e8940a4eb0e565d02d9206c1950993a316db9a26cba9774073f8fd",
      "side": "",
      "outcome": "",
      "price": 0,
      "size": 0,
      "usdc": 0,
      "asset": "Solana"
    },
    {
      "timestamp": 1770233895,
      "tx_hash": "0x9a6f3ad5666f9dac200425f5f296253cc575ec3ce2957abcbe5ea8fdd73184df",
      "market": "Bitcoin Up or Down - February 4, 1:15PM-1:30PM ET",
      "condition_id": "0xbef48741461be3d981e63e6a6d494a076901bbcd8983c4de29f1ece45bc042d7",
      "side": "",
      "outcome": "",
      "price": 0,
      "size": 0,
      "usdc": 0,
      "asset": "Bitcoin"
    },
    {
      "timestamp": 1770233863,
      "tx_hash": "0x120f0da5b278691911e6accba49ca9a0f1129ab69a829d2c6ef383e81881b444",
      "market": "Bitcoin Up or Down - February 4, 1:30PM-1:45PM ET",
      "condition_id": "0xa1da98191ee00000d93dc4dd240e133807783d339725af18f6690dd79eb5d563",
      "side": "",
      "outcome": "",
      "price": 0,
      "size": 0,
      "usdc": 0,
      "asset": "Bitcoin"
    },
    {
      "timestamp": 1770233863,
      "tx_hash": "0x120f0da5b278691911e6accba49ca9a0f1129ab69a829d2c6ef383e81881b444",
      "market": "Solana Up or Down - February 4, 1:30PM-1:45PM ET",
      "condition_id": "0x067f969b0826c19197a31b17529e9d1a090f6cc78edb50cbf9f9fc72e862c9f0",
      "side": "",
      "outcome": "",
      "price": 0,
      "size": 0,
      "usdc": 0,
      "asset": "Solana"
    },
    {
      "timestamp": 1770233863,
      "tx_hash": "0x120f0da5b278691911e6accba49ca9a0f1129ab69a829d2c6ef383e81881b444",
      "market": "Ethereum Up or Down - February 4, 2:15PM-2:30PM ET",
      "condition_id": "0xb01dcea630313aa21bfaeaf15f91ef1b46515546dcb13054fcea5a8ba166a9e5",
      "side": "",
      "outcome": "",
      "price": 0,
      "size": 8.8634,
      "usdc": 8.8634,
      "asset": "Ethereum"
    },
    {
      "timestamp": 1770233863,
      "tx_hash": "0x120f0da5b278691911e6accba49ca9a0f1129ab69a829d2c6ef383e81881b444",
      "market": "Ethereum Up or Down - February 4, 12:45PM-1:00PM ET",
      "condition_id": "0x8777ecfc126ddbb3ba972c2a3f14708e74581ab3bdde6d30812310f22b748f49",
      "side": "",
      "outcome": "",
      "price": 0,
      "size": 0,
      "usdc": 0,
      "asset": "Ethereum"
    },
    {
      "timestamp": 1770233863,
      "tx_hash": "0x120f0da5b278691911e6accba49ca9a0f1129ab69a829d2c6ef383e81881b444",
      "market": "Bitcoin Up or Down - February 4, 1:00PM-1:15PM ET",
      "condition_id": "0xb4ab82dd1bce34902acecdeb8077e299ee06dcc074977e763795954473669d6d",
      "side": "",
      "outcome": "",
      "price": 0,
      "size": 0,
      "usdc": 0,
      "asset": "Bitcoin"
    },
    {
      "timestamp": 1770233863,
      "tx_hash": "0x120f0da5b278691911e6accba49ca9a0f1129ab69a829d2c6ef383e81881b444",
      "market": "Bitcoin Up or Down - February 4, 2:15PM-2:30PM ET",
      "condition_id": "0xac7595782b26efd406d45912f1c47a45ad375215b0b76e2e60d69d49b099e263",
      "side": "",
      "outcome": "",
      "price": 0,
      "size": 9.849,
      "usdc": 9.849,
      "asset": "Bitcoin"
    },
    {
      "timestamp": 1770233863,
      "tx_hash": "0x120f0da5b278691911e6accba49ca9a0f1129ab69a829d2c6ef383e81881b444",
      "market": "Solana Up or Down - February 4, 12:45PM-1:00PM ET",
      "condition_id": "0x175d7680c7e8940a4eb0e565d02d9206c1950993a316db9a26cba9774073f8fd",
      "side": "",
      "outcome": "",
      "price": 0,
      "size": 0,
      "usdc": 0,
      "asset": "Solana"
    },
    {
      "timestamp": 1770233863,
      "tx_hash": "0x120f0da5b278691911e6accba49ca9a0f1129ab69a829d2c6ef383e81881b444",
      "market": "Bitcoin Up or Down - February 4, 1:15PM-1:30PM ET",
      "condition_id": "0xbef48741461be3d981e63e6a6d494a076901bbcd8983c4de29f1ece45bc042d7",
      "side": "",
      "outcome": "",
      "price": 0,
      "size": 0,
      "usdc": 0,
      "asset": "Bitcoin"
    },
    {
      "timestamp": 1770233501,
      "tx_hash": "0xc22d39ae05d4f75f0a4200dc2ad6a533845a22bd8cb90e0b87ed3cfc02e499f9",
      "market": "Ethereum Up or Down - February 4, 2:30PM-2:45PM ET",
      "condition_id": "0x20b6aabcd1d745441264e7d0da946346d4b8ee899afdd0ac8992d94f2d90f36a",
      "side": "BUY",
      "outcome": "Down",
      "price": 0.4,
      "size": 9.856,
      "usdc": 4,
      "asset": "Ethereum"
    },
    {
      "timestamp": 1770233501,
      "tx_hash": "0x16f538e9afbd09a4ca23939be9eca4b5e83e645facf63bfdd93e2945c3781dfc",
      "market": "Solana Up or Down - February 4, 2:30PM-2:45PM ET",
      "condition_id": "0x5667d634258156d131ce6759bb3e5eb8da869b58144eebbbd3b115aad30aa5e5",
      "side": "BUY",
      "outcome": "Down",
      "price": 0.39,
      "size": 8.8727,
      "usdc": 3.51,
      "asset": "Solana"
    },
    {
      "timestamp": 1770233499,
      "tx_hash": "0xe6cd71e6e5a2e63a19a75647b0246935634b9385208ba282fe4668d21e96e0ad",
      "market": "Bitcoin Up or Down - February 4, 2:30PM-2:45PM ET",
      "condition_id": "0x45471cd2ad64fc7ec7fbbd41b906c2102ab17dcfd34da004b33ba71ec4bb723b",
      "side": "BUY",
      "outcome": "Down",
      "price": 0.4,
      "size": 13.7984,
      "usdc": 5.6,
      "asset": "Bitcoin"
    },
    {
      "timestamp": 1770233381,
      "tx_hash": "0xb9af693b556c2fe7e87a52b8a79abba9204c556368389573719fb068d0615753",
      "market": "Bitcoin Up or Down - February 4, 1:30PM-1:45PM ET",
      "condition_id": "0xa1da98191ee00000d93dc4dd240e133807783d339725af18f6690dd79eb5d563",
      "side": "",
      "outcome": "",
      "price": 0,
      "size": 0,
      "usdc": 0,
      "asset": "Bitcoin"
    },
    {
      "timestamp": 1770233381,
      "tx_hash": "0xb9af693b556c2fe7e87a52b8a79abba9204c556368389573719fb068d0615753",
      "market": "Solana Up or Down - February 4, 1:30PM-1:45PM ET",
      "condition_id": "0x067f969b0826c19197a31b17529e9d1a090f6cc78edb50cbf9f9fc72e862c9f0",
      "side": "",
      "outcome": "",
      "price": 0,
      "size": 0,
      "usdc": 0,
      "asset": "Solana"
    },
    {
      "timestamp": 1770233381,
      "tx_hash": "0xb9af693b556c2fe7e87a52b8a79abba9204c556368389573719fb068d0615753",
      "market": "Ethereum Up or Down - February 4, 12:45PM-1:00PM ET",
      "condition_id": "0x8777ecfc126ddbb3ba972c2a3f14708e74581ab3bdde6d30812310f22b748f49",
      "side": "",
      "outcome": "",
      "price": 0,
      "size": 0,
      "usdc": 0,
      "asset": "Ethereum"
    },
    {
      "timestamp": 1770233381,
      "tx_hash": "0xb9af693b556c2fe7e87a52b8a79abba9204c556368389573719fb068d0615753",
      "market": "Bitcoin Up or Down - February 4, 1:00PM-1:15PM ET",
      "condition_id": "0xb4ab82dd1bce34902acecdeb8077e299ee06dcc074977e763795954473669d6d",
      "side": "",
      "outcome": "",
      "price": 0,
      "size": 0,
      "usdc": 0,
      "asset": "Bitcoin"
    },
    {
      "timestamp": 1770233381,
      "tx_hash": "0xb9af693b556c2fe7e87a52b8a79abba9204c556368389573719fb068d0615753",
      "market": "Solana Up or Down - February 4, 12:45PM-1:00PM ET",
      "condition_id": "0x175d7680c7e8940a4eb0e565d02d9206c1950993a316db9a26cba9774073f8fd",
      "side": "",
      "outcome": "",
      "price": 0,
      "size": 0,
      "usdc": 0,
      "asset": "Solana"
    },
    {
      "timestamp": 1770233381,
      "tx_hash": "0xb9af693b556c2fe7e87a52b8a79abba9204c556368389573719fb068d0615753",
      "market": "Bitcoin Up or Down - February 4, 1:15PM-1:30PM ET",
      "condition_id": "0xbef48741461be3d981e63e6a6d494a076901bbcd8983c4de29f1ece45bc042d7",
      "side": "",
      "outcome": "",
      "price": 0,
      "size": 0,
      "usdc": 0,
      "asset": "Bitcoin"
    },
    {
      "timestamp": 1770232967,
      "tx_hash": "0x51cde81a9fb9c2ec9d1791f9fba32217a5e0137ec4be505a332f5b7dd9a7445e",
      "market": "Bitcoin Up or Down - February 4, 1:30PM-1:45PM ET",
      "condition_id": "0xa1da98191ee00000d93dc4dd240e133807783d339725af18f6690dd79eb5d563",
      "side": "",
      "outcome": "",
      "price": 0,
      "size": 0,
      "usdc": 0,
      "asset": "Bitcoin"
    },
    {
      "timestamp": 1770232967,
      "tx_hash": "0x51cde81a9fb9c2ec9d1791f9fba32217a5e0137ec4be505a332f5b7dd9a7445e",
      "market": "Solana Up or Down - February 4, 1:30PM-1:45PM ET",
      "condition_id": "0x067f969b0826c19197a31b17529e9d1a090f6cc78edb50cbf9f9fc72e862c9f0",
      "side": "",
      "outcome": "",
      "price": 0,
      "size": 0,
      "usdc": 0,
      "asset": "Solana"
    },
    {
      "timestamp": 1770232967,
      "tx_hash": "0x51cde81a9fb9c2ec9d1791f9fba32217a5e0137ec4be505a332f5b7dd9a7445e",
      "market": "Ethereum Up or Down - February 4, 12:45PM-1:00PM ET",
      "condition_id": "0x8777ecfc126ddbb3ba972c2a3f14708e74581ab3bdde6d30812310f22b748f49",
      "side": "",
      "outcome": "",
      "price": 0,
      "size": 0,
      "usdc": 0,
      "asset": "Ethereum"
    },
    {
      "timestamp": 1770232967,
      "tx_hash": "0x51cde81a9fb9c2ec9d1791f9fba32217a5e0137ec4be505a332f5b7dd9a7445e",
      "market": "Bitcoin Up or Down - February 4, 1:00PM-1:15PM ET",
      "condition_id": "0xb4ab82dd1bce34902acecdeb8077e299ee06dcc074977e763795954473669d6d",
      "side": "",
      "outcome": "",
      "price": 0,
      "size": 0,
      "usdc": 0,
      "asset": "Bitcoin"
    },
    {
      "timestamp": 1770232967,
      "tx_hash": "0x51cde81a9fb9c2ec9d1791f9fba32217a5e0137ec4be505a332f5b7dd9a7445e",
      "market": "Solana Up or Down - February 4, 12:45PM-1:00PM ET",
      "condition_id": "0x175d7680c7e8940a4eb0e565d02d9206c1950993a316db9a26cba9774073f8fd",
      "side": "",
      "outcome": "",
      "price": 0,
      "size": 0,
      "usdc": 0,
      "asset": "Solana"
    },
    {
      "timestamp": 1770232967,
      "tx_hash": "0x51cde81a9fb9c2ec9d1791f9fba32217a5e0137ec4be505a332f5b7dd9a7445e",
      "market": "Bitcoin Up or Down - February 4, 1:15PM-1:30PM ET",
      "condition_id": "0xbef48741461be3d981e63e6a6d494a076901bbcd8983c4de29f1ece45bc042d7",
      "side": "",
      "outcome": "",
      "price": 0,
      "size": 0,
      "usdc": 0,
      "asset": "Bitcoin"
    },
    {
      "timestamp": 1770232949,
      "tx_hash": "0xb59277b9b54d5b75ab690507c1d64c41593fa3c057fe978735c753d3328d8f02",
      "market": "Bitcoin Up or Down - February 4, 1:30PM-1:45PM ET",
      "condition_id": "0xa1da98191ee00000d93dc4dd240e133807783d339725af18f6690dd79eb5d563",
      "side": "",
      "outcome": "",
      "price": 0,
      "size": 8.8594,
      "usdc": 8.8594,
      "asset": "Bitcoin"
    },
    {
      "timestamp": 1770232949,
      "tx_hash": "0xb59277b9b54d5b75ab690507c1d64c41593fa3c057fe978735c753d3328d8f02",
      "market": "Solana Up or Down - February 4, 1:30PM-1:45PM ET",
      "condition_id": "0x067f969b0826c19197a31b17529e9d1a090f6cc78edb50cbf9f9fc72e862c9f0",
      "side": "",
      "outcome": "",
      "price": 0,
      "size": 8.8604,
      "usdc": 8.8604,
      "asset": "Solana"
    },
    {
      "timestamp": 1770232949,
      "tx_hash": "0xb59277b9b54d5b75ab690507c1d64c41593fa3c057fe978735c753d3328d8f02",
      "market": "Ethereum Up or Down - February 4, 12:45PM-1:00PM ET",
      "condition_id": "0x8777ecfc126ddbb3ba972c2a3f14708e74581ab3bdde6d30812310f22b748f49",
      "side": "",
      "outcome": "",
      "price": 0,
      "size": 0,
      "usdc": 0,
      "asset": "Ethereum"
    },
    {
      "timestamp": 1770232949,
      "tx_hash": "0xb59277b9b54d5b75ab690507c1d64c41593fa3c057fe978735c753d3328d8f02",
      "market": "Bitcoin Up or Down - February 4, 1:00PM-1:15PM ET",
      "condition_id": "0xb4ab82dd1bce34902acecdeb8077e299ee06dcc074977e763795954473669d6d",
      "side": "",
      "outcome": "",
      "price": 0,
      "size": 0,
      "usdc": 0,
      "asset": "Bitcoin"
    },
    {
      "timestamp": 1770232949,
      "tx_hash": "0xb59277b9b54d5b75ab690507c1d64c41593fa3c057fe978735c753d3328d8f02",
      "market": "Solana Up or Down - February 4, 12:45PM-1:00PM ET",
      "condition_id": "0x175d7680c7e8940a4eb0e565d02d9206c1950993a316db9a26cba9774073f8fd",
      "side": "",
      "outcome": "",
      "price": 0,
      "size": 0,
      "usdc": 0,
      "asset": "Solana"
    },
    {
      "timestamp": 1770232949,
      "tx_hash": "0xb59277b9b54d5b75ab690507c1d64c41593fa3c057fe978735c753d3328d8f02",
      "market": "Bitcoin Up or Down - February 4, 1:15PM-1:30PM ET",
      "condition_id": "0xbef48741461be3d981e63e6a6d494a076901bbcd8983c4de29f1ece45bc042d7",
      "side": "",
      "outcome": "",
      "price": 0,
      "size": 0,
      "usdc": 0,
      "asset": "Bitcoin"
    },
    {
      "timestamp": 1770232797,
      "tx_hash": "0xbd9e8da8e3e9b3506cfba7878a69bf72c265e97918a8564dac7fd018a78b6b4e",
      "market": "Ethereum Up or Down - February 4, 2:15PM-2:30PM ET",
      "condition_id": "0xb01dcea630313aa21bfaeaf15f91ef1b46515546dcb13054fcea5a8ba166a9e5",
      "side": "BUY",
      "outcome": "Down",
      "price": 0.44,
      "size": 8.8634,
      "usdc": 3.96,
      "asset": "Ethereum"
    },
    {
      "timestamp": 1770232793,
      "tx_hash": "0x7d1e17d4743a99efd5a2d846107bf655c922b19972897d004089803eee567e98",
      "market": "Solana Up or Down - February 4, 2:15PM-2:30PM ET",
      "condition_id": "0x8b3ac88f9d4ddf89eeb3324f3a2ef488bbbf1f5af06664d496c6fb116b76f0d2",
      "side": "BUY",
      "outcome": "Up",
      "price": 0.5,
      "size": 9,
      "usdc": 4.5,
      "asset": "Solana"
    },
    {
      "timestamp": 1770232605,
      "tx_hash": "0x9f6cb846f1f55c755ccedbe5845c81f8938061df09e41fcdb3b987b9458cc07b",
      "market": "Bitcoin Up or Down - February 4, 2:15PM-2:30PM ET",
      "condition_id": "0xac7595782b26efd406d45912f1c47a45ad375215b0b76e2e60d69d49b099e263",
      "side": "BUY",
      "outcome": "Down",
      "price": 0.435,
      "size": 9.849,
      "usdc": 4.35,
      "asset": "Bitcoin"
    },
    {
      "timestamp": 1770231709,
      "tx_hash": "0x34196a6f1c7e8f5daa3f7f763c308f5441fe51206bf6331121a483ce9f5aa490",
      "market": "Bitcoin Up or Down - February 4, 2:00PM-2:15PM ET",
      "condition_id": "0x05055dcb8c30586cd71fa4f019d3336982dbf7ab6b24655a6770323c763f12ab",
      "side": "BUY",
      "outcome": "Down",
      "price": 0.37,
      "size": 14.7963,
      "usdc": 5.55,
      "asset": "Bitcoin"
    },
    {
      "timestamp": 1770231709,
      "tx_hash": "0x544b52181a0b8682d6353d7485746ad5cdd0c285cf5cfe73710123b8b9f54c91",
      "market": "Ethereum Up or Down - February 4, 2:00PM-2:15PM ET",
      "condition_id": "0xf295608ab7d78b2eb8b3ca79fccf2cf7b592489b4fcf209846e84a7463899b76",
      "side": "BUY",
      "outcome": "Down",
      "price": 0.39,
      "size": 8.8727,
      "usdc": 3.51,
      "asset": "Ethereum"
    },
    {
      "timestamp": 1770230813,
      "tx_hash": "0x10e99fdf5156f1c96efa122c38e7f89425c4949fef7c145adee89c5d130351fc",
      "market": "Ethereum Up or Down - February 4, 1:45PM-2:00PM ET",
      "condition_id": "0x322c0f7dd06e5195b944af59a6221909f9b7c8d8cc2549a813f0e99a9a6815ba",
      "side": "BUY",
      "outcome": "Up",
      "price": 0.31,
      "size": 9.8857,
      "usdc": 3.1,
      "asset": "Ethereum"
    },
    {
      "timestamp": 1770230811,
      "tx_hash": "0x18542cc978257f71ad19b3f68c15e793a6a4e155eaf1f411d200490925bbc837",
      "market": "Bitcoin Up or Down - February 4, 1:45PM-2:00PM ET",
      "condition_id": "0xbc13af0a940bb9a0b633ce6bee930a8f5bd52e9e6201982ab89b21cce49e8e69",
      "side": "BUY",
      "outcome": "Up",
      "price": 0.33,
      "size": 12.8412,
      "usdc": 4.29,
      "asset": "Bitcoin"
    },
    {
      "timestamp": 1770230059,
      "tx_hash": "0x618c7ca38dce924b50967f6e1d092a3fa8602c256fecbcff47d699b5e3149626",
      "market": "Ethereum Up or Down - February 4, 12:45PM-1:00PM ET",
      "condition_id": "0x8777ecfc126ddbb3ba972c2a3f14708e74581ab3bdde6d30812310f22b748f49",
      "side": "",
      "outcome": "",
      "price": 0,
      "size": 0,
      "usdc": 0,
      "asset": "Ethereum"
    },
    {
      "timestamp": 1770230059,
      "tx_hash": "0x618c7ca38dce924b50967f6e1d092a3fa8602c256fecbcff47d699b5e3149626",
      "market": "Bitcoin Up or Down - February 4, 1:00PM-1:15PM ET",
      "condition_id": "0xb4ab82dd1bce34902acecdeb8077e299ee06dcc074977e763795954473669d6d",
      "side": "",
      "outcome": "",
      "price": 0,
      "size": 0,
      "usdc": 0,
      "asset": "Bitcoin"
    },
    {
      "timestamp": 1770230059,
      "tx_hash": "0x618c7ca38dce924b50967f6e1d092a3fa8602c256fecbcff47d699b5e3149626",
      "market": "Solana Up or Down - February 4, 12:45PM-1:00PM ET",
      "condition_id": "0x175d7680c7e8940a4eb0e565d02d9206c1950993a316db9a26cba9774073f8fd",
      "side": "",
      "outcome": "",
      "price": 0,
      "size": 0,
      "usdc": 0,
      "asset": "Solana"
    },
    {
      "timestamp": 1770230059,
      "tx_hash": "0x618c7ca38dce924b50967f6e1d092a3fa8602c256fecbcff47d699b5e3149626",
      "market": "Bitcoin Up or Down - February 4, 1:15PM-1:30PM ET",
      "condition_id": "0xbef48741461be3d981e63e6a6d494a076901bbcd8983c4de29f1ece45bc042d7",
      "side": "",
      "outcome": "",
      "price": 0,
      "size": 0,
      "usdc": 0,
      "asset": "Bitcoin"
    },
    {
      "timestamp": 1770230045,
      "tx_hash": "0x637fe06270ed164bef51b548076edb6a35c4b94f0f5c7b5fa49984fd8b337f2d",
      "market": "Ethereum Up or Down - February 4, 12:45PM-1:00PM ET",
      "condition_id": "0x8777ecfc126ddbb3ba972c2a3f14708e74581ab3bdde6d30812310f22b748f49",
      "side": "",
      "outcome": "",
      "price": 0,
      "size": 8.8778,
      "usdc": 8.8778,
      "asset": "Ethereum"
    },
    {
      "timestamp": 1770230045,
      "tx_hash": "0x637fe06270ed164bef51b548076edb6a35c4b94f0f5c7b5fa49984fd8b337f2d",
      "market": "Bitcoin Up or Down - February 4, 1:00PM-1:15PM ET",
      "condition_id": "0xb4ab82dd1bce34902acecdeb8077e299ee06dcc074977e763795954473669d6d",
      "side": "",
      "outcome": "",
      "price": 0,
      "size": 9,
      "usdc": 9,
      "asset": "Bitcoin"
    },
    {
      "timestamp": 1770230045,
      "tx_hash": "0x637fe06270ed164bef51b548076edb6a35c4b94f0f5c7b5fa49984fd8b337f2d",
      "market": "Solana Up or Down - February 4, 12:45PM-1:00PM ET",
      "condition_id": "0x175d7680c7e8940a4eb0e565d02d9206c1950993a316db9a26cba9774073f8fd",
      "side": "",
      "outcome": "",
      "price": 0,
      "size": 10,
      "usdc": 10,
      "asset": "Solana"
    },
    {
      "timestamp": 1770230045,
      "tx_hash": "0x637fe06270ed164bef51b548076edb6a35c4b94f0f5c7b5fa49984fd8b337f2d",
      "market": "Bitcoin Up or Down - February 4, 1:15PM-1:30PM ET",
      "condition_id": "0xbef48741461be3d981e63e6a6d494a076901bbcd8983c4de29f1ece45bc042d7",
      "side": "",
      "outcome": "",
      "price": 0,
      "size": 30,
      "usdc": 30,
      "asset": "Bitcoin"
    },
    {
      "timestamp": 1770229949,
      "tx_hash": "0x57e4666cb034ef9fee8d9a81a5587b93c3eac4f37177cfb4843334a0582e103b",
      "market": "Solana Up or Down - February 4, 1:30PM-1:45PM ET",
      "condition_id": "0x067f969b0826c19197a31b17529e9d1a090f6cc78edb50cbf9f9fc72e862c9f0",
      "side": "BUY",
      "outcome": "Up",
      "price": 0.47,
      "size": 8.8604,
      "usdc": 4.23,
      "asset": "Solana"
    },
    {
      "timestamp": 1770229881,
      "tx_hash": "0x41c08a7925476ea390084edfa796a02acb653825d01197870fba268c41f56dbc",
      "market": "Bitcoin Up or Down - February 4, 1:30PM-1:45PM ET",
      "condition_id": "0xa1da98191ee00000d93dc4dd240e133807783d339725af18f6690dd79eb5d563",
      "side": "BUY",
      "outcome": "Up",
      "price": 0.5,
      "size": 8.8594,
      "usdc": 4.5,
      "asset": "Bitcoin"
    },
    {
      "timestamp": 1770229351,
      "tx_hash": "0xa58368a22178462a2909e379743efde034a030f5f16d0453db2fb4d1434aaf5b",
      "market": "Bitcoin Up or Down - February 4, 1:15PM-1:30PM ET",
      "condition_id": "0xbef48741461be3d981e63e6a6d494a076901bbcd8983c4de29f1ece45bc042d7",
      "side": "BUY",
      "outcome": "Down",
      "price": 0.38,
      "size": 16,
      "usdc": 6.08,
      "asset": "Bitcoin"
    },
    {
      "timestamp": 1770229293,
      "tx_hash": "0xc13278727e055bd67cb6b9bf84e27a6f19f3646843f71f0873e03006c3275641",
      "market": "Bitcoin Up or Down - February 4, 1:15PM-1:30PM ET",
      "condition_id": "0xbef48741461be3d981e63e6a6d494a076901bbcd8983c4de29f1ece45bc042d7",
      "side": "BUY",
      "outcome": "Up",
      "price": 0.48,
      "size": 10,
      "usdc": 4.8,
      "asset": "Bitcoin"
    },
    {
      "timestamp": 1770229293,
      "tx_hash": "0x23ce17519b224313fd7595b1223629c7bc7a2c151a7e3c6aaaa7121daa1d746d",
      "market": "Bitcoin Up or Down - February 4, 1:15PM-1:30PM ET",
      "condition_id": "0xbef48741461be3d981e63e6a6d494a076901bbcd8983c4de29f1ece45bc042d7",
      "side": "BUY",
      "outcome": "Up",
      "price": 0.48,
      "size": 10,
      "usdc": 4.8,
      "asset": "Bitcoin"
    },
    {
      "timestamp": 1770229293,
      "tx_hash": "0xfba205051743ec5875bc675092ea041dcd5bb628fdd91be445ff831cf642d827",
      "market": "Bitcoin Up or Down - February 4, 1:15PM-1:30PM ET",
      "condition_id": "0xbef48741461be3d981e63e6a6d494a076901bbcd8983c4de29f1ece45bc042d7",
      "side": "BUY",
      "outcome": "Up",
      "price": 0.48,
      "size": 1.05,
      "usdc": 0.504,
      "asset": "Bitcoin"
    },
    {
      "timestamp": 1770229293,
      "tx_hash": "0x03c41914c92ece97dafe31dbd7f45b3960ea24efb21f402fe35a6c7b3df1a0bf",
      "market": "Bitcoin Up or Down - February 4, 1:15PM-1:30PM ET",
      "condition_id": "0xbef48741461be3d981e63e6a6d494a076901bbcd8983c4de29f1ece45bc042d7",
      "side": "BUY",
      "outcome": "Up",
      "price": 0.48,
      "size": 8.95,
      "usdc": 4.296,
      "asset": "Bitcoin"
    },
    {
      "timestamp": 1770229119,
      "tx_hash": "0xdba53637ee5926c09b5951095122eb59caf3891b403ac2add9cc8f43375896db",
      "market": "Ethereum Up or Down - February 4, 1:15PM-1:30PM ET",
      "condition_id": "0x757626919e462f0504f26cc0aa9134f7c8ad2910f9b710d1eda54e2d5b5b9a97",
      "side": "BUY",
      "outcome": "Down",
      "price": 0.5,
      "size": 10,
      "usdc": 5,
      "asset": "Ethereum"
    },
    {
      "timestamp": 1770229093,
      "tx_hash": "0x873cc00d51abb1b6fff7bd84e485493fce193b3813dedd0039ff7dd33170a179",
      "market": "Bitcoin Up or Down - February 4, 1:15PM-1:30PM ET",
      "condition_id": "0xbef48741461be3d981e63e6a6d494a076901bbcd8983c4de29f1ece45bc042d7",
      "side": "BUY",
      "outcome": "Down",
      "price": 0.5,
      "size": 10,
      "usdc": 5,
      "asset": "Bitcoin"
    },
    {
      "timestamp": 1770229053,
      "tx_hash": "0xae35daefc8286cc7797d7b22182728e8f2c5365a4032596c7f9ffddceaa350af",
      "market": "Solana Up or Down - February 4, 1:15PM-1:30PM ET",
      "condition_id": "0x54aa5daf782078ed6eac8f39b584abe14eddad4bcb3826bdb3c64aa2f7d8b725",
      "side": "BUY",
      "outcome": "Down",
      "price": 0.5,
      "size": 4.24,
      "usdc": 2.12,
      "asset": "Solana"
    },
    {
      "timestamp": 1770229053,
      "tx_hash": "0x97d2f10a62a9d340f19d0dacfa37cbfd353eac3967e6ad4f87e4415d12000e4b",
      "market": "Solana Up or Down - February 4, 1:15PM-1:30PM ET",
      "condition_id": "0x54aa5daf782078ed6eac8f39b584abe14eddad4bcb3826bdb3c64aa2f7d8b725",
      "side": "BUY",
      "outcome": "Down",
      "price": 0.5,
      "size": 5.76,
      "usdc": 2.88,
      "asset": "Solana"
    },
    {
      "timestamp": 1770228289,
      "tx_hash": "0x17473d174746476044cb97af6c22ed640a24b96f2317d1fffef413921ec110aa",
      "market": "Bitcoin Up or Down - February 4, 1:00PM-1:15PM ET",
      "condition_id": "0xb4ab82dd1bce34902acecdeb8077e299ee06dcc074977e763795954473669d6d",
      "side": "BUY",
      "outcome": "Up",
      "price": 0.5,
      "size": 9,
      "usdc": 4.5,
      "asset": "Bitcoin"
    },
    {
      "timestamp": 1770228101,
      "tx_hash": "0x3d1a8f600212d45e99394060ce92dcf48d74de815bd5b1d90433c1122a013dcd",
      "market": "Solana Up or Down - February 4, 1:00PM-1:15PM ET",
      "condition_id": "0x55d0233fef185074d4d8673a0c53c2908d1fb2c7ec1d2919d8e66a1d1951b89f",
      "side": "BUY",
      "outcome": "Up",
      "price": 0.41,
      "size": 9.8538,
      "usdc": 4.1,
      "asset": "Solana"
    },
    {
      "timestamp": 1770227401,
      "tx_hash": "0x014a755b840fe9557507905cd515c3575e10a5afa0d3e1796ccf11507efbf347",
      "market": "Bitcoin Up or Down - February 4, 12:45PM-1:00PM ET",
      "condition_id": "0x61227eefc0c63c80cb086ca8a023ebfa04116cfb0a850bf5e748e6c24b63bf8c",
      "side": "BUY",
      "outcome": "Up",
      "price": 0.24,
      "size": 13.8836,
      "usdc": 3.36,
      "asset": "Bitcoin"
    },
    {
      "timestamp": 1770227337,
      "tx_hash": "0xab29b1bb8e5c44b1714a5bf9260a0699d0ddafa3abba77c266cb257b0a547323",
      "market": "Solana Up or Down - February 4, 12:45PM-1:00PM ET",
      "condition_id": "0x175d7680c7e8940a4eb0e565d02d9206c1950993a316db9a26cba9774073f8fd",
      "side": "BUY",
      "outcome": "Up",
      "price": 0.5,
      "size": 10,
      "usdc": 5,
      "asset": "Solana"
    },
    {
      "timestamp": 1770227271,
      "tx_hash": "0xda18bf526efe09ecb1f9765230c70234b1ca41092afc94e46f85c2c7bed1c1e5",
      "market": "Ethereum Up or Down - February 4, 12:45PM-1:00PM ET",
      "condition_id": "0x8777ecfc126ddbb3ba972c2a3f14708e74581ab3bdde6d30812310f22b748f49",
      "side": "BUY",
      "outcome": "Up",
      "price": 0.37,
      "size": 8.8778,
      "usdc": 3.33,
      "asset": "Ethereum"
    },
    {
      "timestamp": 1770226569,
      "tx_hash": "0xa305392e00ecde0d884000ecffb7fdfac1ac0333968f3e452bb4a65663abe613",
      "market": "Ethereum Up or Down - February 4, 12:30PM-12:45PM ET",
      "condition_id": "0x49b9d204241374894bd80378731ee5f7ba06586df9a71c83f321bac98f31e70d",
      "side": "BUY",
      "outcome": "Down",
      "price": 0.3453846153846154,
      "size": 12.8339,
      "usdc": 4.49,
      "asset": "Ethereum"
    },
    {
      "timestamp": 1770226393,
      "tx_hash": "0xe33603ec9b701c5a0d3bb8203107d451f7520ac7be0f127ce797f7da8f23ff3c",
      "market": "Bitcoin Up or Down - February 4, 12:30PM-12:45PM ET",
      "condition_id": "0x1676ff42f878c71404fe3271e121282e61d3cd24d129f3a194ff028e4539a7f5",
      "side": "BUY",
      "outcome": "Down",
      "price": 0.36,
      "size": 13,
      "usdc": 4.68,
      "asset": "Bitcoin"
    },
    {
      "timestamp": 1770226323,
      "tx_hash": "0x2a304954054c58e2e44b2e397b1ae9fd1c23e2905cc45259eebbbace2100453c",
      "market": "Solana Up or Down - February 4, 12:30PM-12:45PM ET",
      "condition_id": "0x138e5ec2d15d697a59d7389459c952df4ebfd1a2350b2f63b3ab9f281ebb3c8f",
      "side": "BUY",
      "outcome": "Down",
      "price": 0.27,
      "size": 9.9029,
      "usdc": 2.7,
      "asset": "Solana"
    },
    {
      "timestamp": 1770226261,
      "tx_hash": "0x39529e58f2eb440ecfb8d0de01a19847d471c26d0bf9b3cb01266229efaa69bc",
      "market": "Ethereum Up or Down - February 4, 12:00PM-12:15PM ET",
      "condition_id": "0x283ce96290af3ffeac0dacf4d8a6b1f9a1203bed729d634038ff7eba190bc99a",
      "side": "",
      "outcome": "",
      "price": 0,
      "size": 0,
      "usdc": 0,
      "asset": "Ethereum"
    },
    {
      "timestamp": 1770225739,
      "tx_hash": "0x38624acc548c6444e82b9acd7ea9dae34e831a81c1ebfdca4a0622157edd8fb4",
      "market": "Ethereum Up or Down - February 4, 12:00PM-12:15PM ET",
      "condition_id": "0x283ce96290af3ffeac0dacf4d8a6b1f9a1203bed729d634038ff7eba190bc99a",
      "side": "",
      "outcome": "",
      "price": 0,
      "size": 9,
      "usdc": 9,
      "asset": "Ethereum"
    },
    {
      "timestamp": 1770225549,
      "tx_hash": "0x0dcf9a74e91b0b8987711f5252e1d69a222f228d318fa6a5061f8aaf04719234",
      "market": "Bitcoin Up or Down - February 4, 12:15PM-12:30PM ET",
      "condition_id": "0x3692c4d73f00cd6062c584d714334df907c4b1e78449c6641803721d2e2dba58",
      "side": "BUY",
      "outcome": "Up",
      "price": 0.24,
      "size": 8.9252,
      "usdc": 2.16,
      "asset": "Bitcoin"
    },
    {
      "timestamp": 1770225483,
      "tx_hash": "0xba41f70db4ceec440d51489eeb11581d4621561c04a642f5fe2279cd6a0c29a1",
      "market": "Ethereum Up or Down - February 4, 12:15PM-12:30PM ET",
      "condition_id": "0x247528535c291384a3cae33995e1f0f5a1ef598b3b2ca92960adf0defb005bf6",
      "side": "BUY",
      "outcome": "Up",
      "price": 0.38,
      "size": 9.8613,
      "usdc": 3.8,
      "asset": "Ethereum"
    },
    {
      "timestamp": 1770225419,
      "tx_hash": "0x6f0a969f0e477d138dc61ea5a06237f7497a8b1864b68ad94af223784cc24423",
      "market": "Solana Up or Down - February 4, 12:15PM-12:30PM ET",
      "condition_id": "0x7f2052ed529fb39d77d988af78c87d516fa940138a629fee394d76a6b952de21",
      "side": "BUY",
      "outcome": "Up",
      "price": 0.34,
      "size": 9.8742,
      "usdc": 3.4,
      "asset": "Solana"
    },
    {
      "timestamp": 1770224555,
      "tx_hash": "0xa1b06d1f101c28a4a52e5667b931ba9dc0b34054d0469e51dd6b45dff7e1f097",
      "market": "Ethereum Up or Down - February 4, 12:00PM-12:15PM ET",
      "condition_id": "0x283ce96290af3ffeac0dacf4d8a6b1f9a1203bed729d634038ff7eba190bc99a",
      "side": "BUY",
      "outcome": "Up",
      "price": 0.52,
      "size": 9,
      "usdc": 4.68,
      "asset": "Ethereum"
    },
    {
      "timestamp": 1770224527,
      "tx_hash": "0x750398054dca1a13fccb779b45fafbaf95be897795efb334eace221367d0ed97",
      "market": "Bitcoin Up or Down - February 4, 12:00PM-12:15PM ET",
      "condition_id": "0x7ad33a411413d15debc49ef7601f158c102177d1ceed4072079baf3f2b99527f",
      "side": "BUY",
      "outcome": "Up",
      "price": 0.43,
      "size": 9.8499,
      "usdc": 4.3,
      "asset": "Bitcoin"
    },
    {
      "timestamp": 1770224401,
      "tx_hash": "0xd844103871caaf992d5426a9b05f6088847c766d4b61c87431345d496990b017",
      "market": "Solana Up or Down - February 4, 10:45AM-11:00AM ET",
      "condition_id": "0x8de068cccb06968510f50e47022adbb26600e82e9824c1985f6fba4878450610",
      "side": "",
      "outcome": "",
      "price": 0,
      "size": 0,
      "usdc": 0,
      "asset": "Solana"
    },
    {
      "timestamp": 1770224401,
      "tx_hash": "0xd844103871caaf992d5426a9b05f6088847c766d4b61c87431345d496990b017",
      "market": "Bitcoin Up or Down - February 4, 11:00AM-11:15AM ET",
      "condition_id": "0x848b34cefa71e8999b31e2759cd1a56c236f6a1a7acbc040cafe5edb2fcf9c05",
      "side": "",
      "outcome": "",
      "price": 0,
      "size": 0,
      "usdc": 0,
      "asset": "Bitcoin"
    },
    {
      "timestamp": 1770223577,
      "tx_hash": "0x8fbc238d0a5d135c1cdeefc938b293d7239c347e022e86d2fe1ecbafb9066f35",
      "market": "Ethereum Up or Down - February 4, 11:45AM-12:00PM ET",
      "condition_id": "0xcf7ae5361d5d43a61ae5cb7a60ed2188d71e5d8adec7fd5f467a27934224198d",
      "side": "BUY",
      "outcome": "Down",
      "price": 0.46,
      "size": 2.55,
      "usdc": 1.173,
      "asset": "Ethereum"
    },
    {
      "timestamp": 1770223577,
      "tx_hash": "0x90750ad5fb2097639fc921f7d3b70c0dfddb43689476f0cb42d17e72e6f5810f",
      "market": "Ethereum Up or Down - February 4, 11:45AM-12:00PM ET",
      "condition_id": "0xcf7ae5361d5d43a61ae5cb7a60ed2188d71e5d8adec7fd5f467a27934224198d",
      "side": "BUY",
      "outcome": "Down",
      "price": 0.46,
      "size": 7.45,
      "usdc": 3.427,
      "asset": "Ethereum"
    },
    {
      "timestamp": 1770223575,
      "tx_hash": "0xbb4827af5012800be8f4c1e352b9431af05be7babd328e0be1cb2422f8c9f28d",
      "market": "Solana Up or Down - February 4, 11:45AM-12:00PM ET",
      "condition_id": "0xc517338e774b13faebbd68036cc5ddc8c7b49a690e00c40c8197cc67e37fdfb9",
      "side": "BUY",
      "outcome": "Down",
      "price": 0.48,
      "size": 10,
      "usdc": 4.8,
      "asset": "Solana"
    },
    {
      "timestamp": 1770223571,
      "tx_hash": "0x109fe2826d4f8311335775b6261e1765eec251e96fb24a199be63847ec7fbd77",
      "market": "Bitcoin Up or Down - February 4, 11:45AM-12:00PM ET",
      "condition_id": "0xfe42cab1222b9716c3bb09657916eeed5510d1b1c9624d752806c93db315afb6",
      "side": "BUY",
      "outcome": "Down",
      "price": 0.43,
      "size": 13.7898,
      "usdc": 6.02,
      "asset": "Bitcoin"
    },
    {
      "timestamp": 1770223349,
      "tx_hash": "0xa4c75ce1be00e3d0b579a9a4efab77ef0e3e5de0953c4c9a98858febc1aee70a",
      "market": "Solana Up or Down - February 4, 10:45AM-11:00AM ET",
      "condition_id": "0x8de068cccb06968510f50e47022adbb26600e82e9824c1985f6fba4878450610",
      "side": "",
      "outcome": "",
      "price": 0,
      "size": 0,
      "usdc": 0,
      "asset": "Solana"
    },
    {
      "timestamp": 1770223349,
      "tx_hash": "0xa4c75ce1be00e3d0b579a9a4efab77ef0e3e5de0953c4c9a98858febc1aee70a",
      "market": "Bitcoin Up or Down - February 4, 11:00AM-11:15AM ET",
      "condition_id": "0x848b34cefa71e8999b31e2759cd1a56c236f6a1a7acbc040cafe5edb2fcf9c05",
      "side": "",
      "outcome": "",
      "price": 0,
      "size": 0,
      "usdc": 0,
      "asset": "Bitcoin"
    },
    {
      "timestamp": 1770223341,
      "tx_hash": "0xb09e03ab77d320f9ce3e578cd5f01c78f568b71293fe6fef431686bec22098bf",
      "market": "Solana Up or Down - February 4, 10:45AM-11:00AM ET",
      "condition_id": "0x8de068cccb06968510f50e47022adbb26600e82e9824c1985f6fba4878450610",
      "side": "",
      "outcome": "",
      "price": 0,
      "size": 0,
      "usdc": 0,
      "asset": "Solana"
    },
    {
      "timestamp": 1770223341,
      "tx_hash": "0xb09e03ab77d320f9ce3e578cd5f01c78f568b71293fe6fef431686bec22098bf",
      "market": "Bitcoin Up or Down - February 4, 11:00AM-11:15AM ET",
      "condition_id": "0x848b34cefa71e8999b31e2759cd1a56c236f6a1a7acbc040cafe5edb2fcf9c05",
      "side": "",
      "outcome": "",
      "price": 0,
      "size": 0,
      "usdc": 0,
      "asset": "Bitcoin"
    },
    {
      "timestamp": 1770222961,
      "tx_hash": "0x0a2335ddbfaa5f3e4f54370132c37860f39ebc88575e04e95243b40a7137e71e",
      "market": "Solana Up or Down - February 4, 10:45AM-11:00AM ET",
      "condition_id": "0x8de068cccb06968510f50e47022adbb26600e82e9824c1985f6fba4878450610",
      "side": "",
      "outcome": "",
      "price": 0,
      "size": 0,
      "usdc": 0,
      "asset": "Solana"
    },
    {
      "timestamp": 1770222961,
      "tx_hash": "0x0a2335ddbfaa5f3e4f54370132c37860f39ebc88575e04e95243b40a7137e71e",
      "market": "Bitcoin Up or Down - February 4, 11:00AM-11:15AM ET",
      "condition_id": "0x848b34cefa71e8999b31e2759cd1a56c236f6a1a7acbc040cafe5edb2fcf9c05",
      "side": "",
      "outcome": "",
      "price": 0,
      "size": 0,
      "usdc": 0,
      "asset": "Bitcoin"
    },
    {
      "timestamp": 1770222933,
      "tx_hash": "0x8f7b7c8bf14689c9057cc4955a073531c1f26ec47286a91834c4b87842cc96a8",
      "market": "Solana Up or Down - February 4, 10:45AM-11:00AM ET",
      "condition_id": "0x8de068cccb06968510f50e47022adbb26600e82e9824c1985f6fba4878450610",
      "side": "",
      "outcome": "",
      "price": 0,
      "size": 0,
      "usdc": 0,
      "asset": "Solana"
    },
    {
      "timestamp": 1770222933,
      "tx_hash": "0x8f7b7c8bf14689c9057cc4955a073531c1f26ec47286a91834c4b87842cc96a8",
      "market": "Bitcoin Up or Down - February 4, 11:00AM-11:15AM ET",
      "condition_id": "0x848b34cefa71e8999b31e2759cd1a56c236f6a1a7acbc040cafe5edb2fcf9c05",
      "side": "",
      "outcome": "",
      "price": 0,
      "size": 0,
      "usdc": 0,
      "asset": "Bitcoin"
    },
    {
      "timestamp": 1770222909,
      "tx_hash": "0x6eec18acf79cd65f200fe9aea3ae39f46dfe2c2cab5670d3d558db1529c14a44",
      "market": "Solana Up or Down - February 4, 10:45AM-11:00AM ET",
      "condition_id": "0x8de068cccb06968510f50e47022adbb26600e82e9824c1985f6fba4878450610",
      "side": "",
      "outcome": "",
      "price": 0,
      "size": 0,
      "usdc": 0,
      "asset": "Solana"
    },
    {
      "timestamp": 1770222909,
      "tx_hash": "0x6eec18acf79cd65f200fe9aea3ae39f46dfe2c2cab5670d3d558db1529c14a44",
      "market": "Bitcoin Up or Down - February 4, 11:00AM-11:15AM ET",
      "condition_id": "0x848b34cefa71e8999b31e2759cd1a56c236f6a1a7acbc040cafe5edb2fcf9c05",
      "side": "",
      "outcome": "",
      "price": 0,
      "size": 0,
      "usdc": 0,
      "asset": "Bitcoin"
    },
    {
      "timestamp": 1770222693,
      "tx_hash": "0xc5a5b1bcf470e7e5ee4c9eb7f0ea85caab7759c441736bb479ff0a7af4a373f3",
      "market": "Solana Up or Down - February 4, 10:45AM-11:00AM ET",
      "condition_id": "0x8de068cccb06968510f50e47022adbb26600e82e9824c1985f6fba4878450610",
      "side": "",
      "outcome": "",
      "price": 0,
      "size": 0,
      "usdc": 0,
      "asset": "Solana"
    },
    {
      "timestamp": 1770222693,
      "tx_hash": "0xc5a5b1bcf470e7e5ee4c9eb7f0ea85caab7759c441736bb479ff0a7af4a373f3",
      "market": "Bitcoin Up or Down - February 4, 11:00AM-11:15AM ET",
      "condition_id": "0x848b34cefa71e8999b31e2759cd1a56c236f6a1a7acbc040cafe5edb2fcf9c05",
      "side": "",
      "outcome": "",
      "price": 0,
      "size": 0,
      "usdc": 0,
      "asset": "Bitcoin"
    },
    {
      "timestamp": 1770222679,
      "tx_hash": "0x5f92031eb7f4236d8b60e53a511de977302d101b25e2bd2589e4392b4eaadba4",
      "market": "Solana Up or Down - February 4, 11:30AM-11:45AM ET",
      "condition_id": "0xcab0d697d7f2caec747d541f183b8fc53cdce3a1c0a33fcc9cf279ee41bd56f1",
      "side": "BUY",
      "outcome": "Up",
      "price": 0.31,
      "size": 8.8971,
      "usdc": 2.79,
      "asset": "Solana"
    },
    {
      "timestamp": 1770222677,
      "tx_hash": "0x94c4264e94cbcffcf36b3efccea455c60f1384417e6215114e43e2eb10edd43e",
      "market": "Ethereum Up or Down - February 4, 11:30AM-11:45AM ET",
      "condition_id": "0x19d7b14b4f1569bc0a589735d3bedf4ba199322c33f6c4ee194ef951b5af4e49",
      "side": "BUY",
      "outcome": "Up",
      "price": 0.33,
      "size": 8.8901,
      "usdc": 2.97,
      "asset": "Ethereum"
    },
    {
      "timestamp": 1770222675,
      "tx_hash": "0xcd278d3839df22116c8aa8ceaaeee8b679614490343304fb2767f3e47620f835",
      "market": "Bitcoin Up or Down - February 4, 11:30AM-11:45AM ET",
      "condition_id": "0xb8edd041621df396f7dd0c4e3ab6797e2652c2108bdd46561bef72edecb32f96",
      "side": "BUY",
      "outcome": "Up",
      "price": 0.36,
      "size": 8.8806,
      "usdc": 3.24,
      "asset": "Bitcoin"
    },
    {
      "timestamp": 1770222671,
      "tx_hash": "0x99d373aafaf25d323094eee5010fdc7db32c0ec271f2096a78c5316d843224e7",
      "market": "Solana Up or Down - February 4, 10:45AM-11:00AM ET",
      "condition_id": "0x8de068cccb06968510f50e47022adbb26600e82e9824c1985f6fba4878450610",
      "side": "",
      "outcome": "",
      "price": 0,
      "size": 0,
      "usdc": 0,
      "asset": "Solana"
    },
    {
      "timestamp": 1770222671,
      "tx_hash": "0x99d373aafaf25d323094eee5010fdc7db32c0ec271f2096a78c5316d843224e7",
      "market": "Bitcoin Up or Down - February 4, 11:00AM-11:15AM ET",
      "condition_id": "0x848b34cefa71e8999b31e2759cd1a56c236f6a1a7acbc040cafe5edb2fcf9c05",
      "side": "",
      "outcome": "",
      "price": 0,
      "size": 0,
      "usdc": 0,
      "asset": "Bitcoin"
    },
    {
      "timestamp": 1770222655,
      "tx_hash": "0xd4352812fd9e6ea3d420fbc7d51c2acfd4aa12b2ec0fa9e856fd0b2fd6b7c480",
      "market": "Solana Up or Down - February 4, 10:45AM-11:00AM ET",
      "condition_id": "0x8de068cccb06968510f50e47022adbb26600e82e9824c1985f6fba4878450610",
      "side": "",
      "outcome": "",
      "price": 0,
      "size": 8.9008,
      "usdc": 8.9008,
      "asset": "Solana"
    },
    {
      "timestamp": 1770222655,
      "tx_hash": "0xd4352812fd9e6ea3d420fbc7d51c2acfd4aa12b2ec0fa9e856fd0b2fd6b7c480",
      "market": "Bitcoin Up or Down - February 4, 11:00AM-11:15AM ET",
      "condition_id": "0x848b34cefa71e8999b31e2759cd1a56c236f6a1a7acbc040cafe5edb2fcf9c05",
      "side": "",
      "outcome": "",
      "price": 0,
      "size": 14,
      "usdc": 14,
      "asset": "Bitcoin"
    },
    {
      "timestamp": 1770222425,
      "tx_hash": "0xd6bb71c0fdb51dc47565f6bc78a3a2a9a03e2cf0f0c0ca2a152cd5b8be32282b",
      "market": "Solana Up or Down - February 4, 11:15AM-11:30AM ET",
      "condition_id": "0xc06af90dfaff88f21c6bc3281c127389447bb7dba5a55f9bbc2fac5479bb80ef",
      "side": "BUY",
      "outcome": "Down",
      "price": 0.5,
      "size": 6,
      "usdc": 3,
      "asset": "Solana"
    },
    {
      "timestamp": 1770222403,
      "tx_hash": "0x4c29ca46d0ca491ca991a41e652828e7ef96da657b6e065664835e6062a14721",
      "market": "Solana Up or Down - February 4, 11:15AM-11:30AM ET",
      "condition_id": "0xc06af90dfaff88f21c6bc3281c127389447bb7dba5a55f9bbc2fac5479bb80ef",
      "side": "BUY",
      "outcome": "Down",
      "price": 0.5,
      "size": 3,
      "usdc": 1.5,
      "asset": "Solana"
    },
    {
      "timestamp": 1770222401,
      "tx_hash": "0x2bf5a24c28c4a8abcb0cfa544b1cf686ad84ed464bf6737275f74a8e9da42b9e",
      "market": "Bitcoin Up or Down - February 4, 11:15AM-11:30AM ET",
      "condition_id": "0x5479d987f3b085ceafd0c9dcf669f41cd2262275be1a8135a0d2a152a0d664d1",
      "side": "BUY",
      "outcome": "Down",
      "price": 0.46,
      "size": 10,
      "usdc": 4.6,
      "asset": "Bitcoin"
    },
    {
      "timestamp": 1770221197,
      "tx_hash": "0xca64499e516f8265024e8c9a3537537a27e1646c43acaf45cc99e37823441d53",
      "market": "Bitcoin Up or Down - February 4, 11:00AM-11:15AM ET",
      "condition_id": "0x848b34cefa71e8999b31e2759cd1a56c236f6a1a7acbc040cafe5edb2fcf9c05",
      "side": "BUY",
      "outcome": "Down",
      "price": 0.46,
      "size": 14,
      "usdc": 6.44,
      "asset": "Bitcoin"
    },
    {
      "timestamp": 1770220889,
      "tx_hash": "0x8bf83db2f70943c1e7c1fecf3df2bd695554b95433e138b2215a6629beb69fae",
      "market": "Ethereum Up or Down - February 4, 11:00AM-11:15AM ET",
      "condition_id": "0x11b72d1276c3b2dddbd40f788e5a4b341b438c8a2315929e9bbc10fb621de413",
      "side": "BUY",
      "outcome": "Up",
      "price": 0.52,
      "size": 1.44,
      "usdc": 0.7488,
      "asset": "Ethereum"
    },
    {
      "timestamp": 1770220889,
      "tx_hash": "0xc7d2145fc79ee22bbff5e9ae2f5aeb03653c28c49bfb1a97409be3ceff339d28",
      "market": "Ethereum Up or Down - February 4, 11:00AM-11:15AM ET",
      "condition_id": "0x11b72d1276c3b2dddbd40f788e5a4b341b438c8a2315929e9bbc10fb621de413",
      "side": "BUY",
      "outcome": "Up",
      "price": 0.52,
      "size": 1.78,
      "usdc": 0.9256,
      "asset": "Ethereum"
    },
    {
      "timestamp": 1770220887,
      "tx_hash": "0xb08ea7812368eb3af0dce5fb8080970d8ab4e8f9a888fa9b042e53c76b9847fd",
      "market": "Ethereum Up or Down - February 4, 11:00AM-11:15AM ET",
      "condition_id": "0x11b72d1276c3b2dddbd40f788e5a4b341b438c8a2315929e9bbc10fb621de413",
      "side": "BUY",
      "outcome": "Up",
      "price": 0.5200000623826859,
      "size": 5.770832,
      "usdc": 3.000833,
      "asset": "Ethereum"
    },
    {
      "timestamp": 1770220869,
      "tx_hash": "0x6bf537732e842aa6685d3b7557c15075e47d4147a8e0956dcb22438f0da55ab7",
      "market": "Solana Up or Down - February 4, 11:00AM-11:15AM ET",
      "condition_id": "0xff7b277f77e93c3b230de562c2da2087653c5048b7b5398424efdc36f1292269",
      "side": "BUY",
      "outcome": "Up",
      "price": 0.5,
      "size": 8.8594,
      "usdc": 4.5,
      "asset": "Solana"
    },
    {
      "timestamp": 1770219977,
      "tx_hash": "0xc64dd899ddd40e0ad43d16be0e25a10555dfcb3d98d40ef18f5f86bbbcf85704",
      "market": "Solana Up or Down - February 4, 10:45AM-11:00AM ET",
      "condition_id": "0x8de068cccb06968510f50e47022adbb26600e82e9824c1985f6fba4878450610",
      "side": "BUY",
      "outcome": "Up",
      "price": 0.3,
      "size": 8.9008,
      "usdc": 2.7,
      "asset": "Solana"
    },
    {
      "timestamp": 1770219975,
      "tx_hash": "0xe137037c62ca0d3a89ac140de9b863ee05f00d07c6780709daffd54c7d8f8853",
      "market": "Ethereum Up or Down - February 4, 10:45AM-11:00AM ET",
      "condition_id": "0x5ae9bbb6e725041af93bb50aba476d3cb2766b1c6f68fdfba7a9f0216ec2e575",
      "side": "BUY",
      "outcome": "Up",
      "price": 0.38,
      "size": 8.8752,
      "usdc": 3.42,
      "asset": "Ethereum"
    },
    {
      "timestamp": 1770219825,
      "tx_hash": "0x39a09d3df80df92080b623a9ef9fd807303db7d4492bcea3205b2ddad212aee6",
      "market": "Bitcoin Up or Down - February 4, 10:15AM-10:30AM ET",
      "condition_id": "0x790124a2d2e355a114c313e140a929d1d50ff814f2775aac61d61ec6e8862a33",
      "side": "",
      "outcome": "",
      "price": 0,
      "size": 0,
      "usdc": 0,
      "asset": "Bitcoin"
    },
    {
      "timestamp": 1770219825,
      "tx_hash": "0x39a09d3df80df92080b623a9ef9fd807303db7d4492bcea3205b2ddad212aee6",
      "market": "Ethereum Up or Down - February 4, 10:15AM-10:30AM ET",
      "condition_id": "0xfd795fa000511fac92a89710259b8169064379bb865d24802f9c1736013e1861",
      "side": "",
      "outcome": "",
      "price": 0,
      "size": 0,
      "usdc": 0,
      "asset": "Ethereum"
    },
    {
      "timestamp": 1770219811,
      "tx_hash": "0x126502421110b140ba05009c5d07a1789dfa21e25b87fa383f3ba9f9ca23b259",
      "market": "Bitcoin Up or Down - February 4, 10:15AM-10:30AM ET",
      "condition_id": "0x790124a2d2e355a114c313e140a929d1d50ff814f2775aac61d61ec6e8862a33",
      "side": "",
      "outcome": "",
      "price": 0,
      "size": 8.8665,
      "usdc": 8.8665,
      "asset": "Bitcoin"
    },
    {
      "timestamp": 1770219811,
      "tx_hash": "0x126502421110b140ba05009c5d07a1789dfa21e25b87fa383f3ba9f9ca23b259",
      "market": "Ethereum Up or Down - February 4, 10:15AM-10:30AM ET",
      "condition_id": "0xfd795fa000511fac92a89710259b8169064379bb865d24802f9c1736013e1861",
      "side": "",
      "outcome": "",
      "price": 0,
      "size": 8.8684,
      "usdc": 8.8684,
      "asset": "Ethereum"
    },
    {
      "timestamp": 1770219161,
      "tx_hash": "0x350c14dc978374a864531d1677d7f97161dbf9f529c59c08ddd0a503a8f66ec4",
      "market": "Ethereum Up or Down - February 4, 9:30AM-9:45AM ET",
      "condition_id": "0x8f3e87a368b4710c23704476b9b2fe95a7e1b35c39090ba22b655578a6c25856",
      "side": "",
      "outcome": "",
      "price": 0,
      "size": 0,
      "usdc": 0,
      "asset": "Ethereum"
    },
    {
      "timestamp": 1770219161,
      "tx_hash": "0x350c14dc978374a864531d1677d7f97161dbf9f529c59c08ddd0a503a8f66ec4",
      "market": "Bitcoin Up or Down - February 4, 9:30AM-9:45AM ET",
      "condition_id": "0xddc9c97a55cae5b7d090bb31e0dcca6bf4eebbb59e0affd1c660abc402952039",
      "side": "",
      "outcome": "",
      "price": 0,
      "size": 0,
      "usdc": 0,
      "asset": "Bitcoin"
    },
    {
      "timestamp": 1770219147,
      "tx_hash": "0x09ccf1d46fa560c90164d1b04fabe0177a934ee030193094c849ddbe5d2e98fd",
      "market": "Bitcoin Up or Down - February 4, 10:30AM-10:45AM ET",
      "condition_id": "0x56a9d5134137249db3d1041190222500bc3ece766af58b4b80a00df37a81b8d4",
      "side": "BUY",
      "outcome": "Up",
      "price": 0.47,
      "size": 9.8449,
      "usdc": 4.7,
      "asset": "Bitcoin"
    },
    {
      "timestamp": 1770219143,
      "tx_hash": "0xb20275d5f7af5eca2c107f7f27888254598d2aca5936a66bd64ce15730ed581e",
      "market": "Ethereum Up or Down - February 4, 9:30AM-9:45AM ET",
      "condition_id": "0x8f3e87a368b4710c23704476b9b2fe95a7e1b35c39090ba22b655578a6c25856",
      "side": "",
      "outcome": "",
      "price": 0,
      "size": 0,
      "usdc": 0,
      "asset": "Ethereum"
    },
    {
      "timestamp": 1770219143,
      "tx_hash": "0xb20275d5f7af5eca2c107f7f27888254598d2aca5936a66bd64ce15730ed581e",
      "market": "Bitcoin Up or Down - February 4, 9:30AM-9:45AM ET",
      "condition_id": "0xddc9c97a55cae5b7d090bb31e0dcca6bf4eebbb59e0affd1c660abc402952039",
      "side": "",
      "outcome": "",
      "price": 0,
      "size": 0,
      "usdc": 0,
      "asset": "Bitcoin"
    },
    {
      "timestamp": 1770218194,
      "tx_hash": "0x7427fc2c0032748992e6f8d8eea166d72b9ad600bdf5ca038059216a42283a7c",
      "market": "Solana Up or Down - February 4, 10:15AM-10:30AM ET",
      "condition_id": "0x66caa9a16fad95dfbb4971203d8ccb358e3adee86bb916d7258aa08e7cb84b16",
      "side": "BUY",
      "outcome": "Up",
      "price": 0.44,
      "size": 8.8634,
      "usdc": 3.96,
      "asset": "Solana"
    },
    {
      "timestamp": 1770218192,
      "tx_hash": "0x5611493b2d5541092c1e051e2566cbc19870bf9712fd279f4e766a936b043e6d",
      "market": "Ethereum Up or Down - February 4, 10:15AM-10:30AM ET",
